01REMESSA01COBRANCA       00029267978         MULTIPLA DISTRIBUIDORA DE ALIM021BANESTES       230323                                                                                                                                                                                                                                                                                                      000001
1023135803500012000029267978         001002E1  273484001DP    00094015120000000000                         3010273484-0120042300000001228610210050101A150323000000000000002192004230000000000000000000000000000000000000000203845717003733REALMAR DISTRIBUIDORA LTDA.             AVENIDA BRAUNA,1168                     COLINA DE LA29167124SERRA          ES                                        000000002
1023135803500012000029267978         001002E1  273485001DP    00094016010000000000                         3010273485-0120042300000003274690210050101A150323000000000000005832004230000000000000000000000000000000000000000203845717003300REALMAR DISTRIBUIDORA LTDA.             AV ELDES SCHERRER SOUZA,S/N             CIVIT II    29168060SERRA          ES                                        000000003
1023135803500012000029267978         001002E1  274020001DP    00094474230000000000                         3010274020-0118042300000001247990210050101A160323000000000000002221804230000000000000000000000000000000000000000203845717003490REALMAR DISTRIBUIDORA LTDA.             AV GOVERNADOR JONES DOS SANTOS NEVES,324MUQUICABA   29215002GUARAPARI      ES                                        000000004
1023135803500012000029267978         001002E1  274021001DP    00094475040000000000                         3010274021-0124042300000004705190210050101A160323000000000000008382404230000000000000000000000000000000000000000203845717003490REALMAR DISTRIBUIDORA LTDA.             AV GOVERNADOR JONES DOS SANTOS NEVES,324MUQUICABA   29215002GUARAPARI      ES                                        000000005
1023135803500012000029267978         001002E1  274461001DP    00094830630000000000                         3010274461-0125042300000001637400210050101A200323000000000000002912504230000000000000000000000000000000000000000203845717002680REALMAR DISTRIBUIDORA LTDA              AVE BRASIL,S/N                          SAO DIOGO II29163165SERRA          ES                                        000000006
1023135803500012000029267978         001002E1  274462001DP    00094831440000000000                         3010274462-0125042300000001122120210050101A200323000000000000002002504230000000000000000000000000000000000000000203845717004896REALMAR DISTRIBUIDORA LTDA.             ROD GOVERNADOR MARIO COVAS,1990         SAO GERALDO 29163387SERRA          ES                                        000000007
1023135803500012000029267978         001002E1  274463001DP    00094832250000000000                         3010274463-0125042300000002081420210050101A200323000000000000003712504230000000000000000000000000000000000000000203845717002419REALMAR DISTRIBUIDORA LTDA              RUA DOUTOR ANTONIO BASILIO,534          JARDIM DA PE29060390VITORIA        ES                                        000000008
1023135803500012000029267978         001002E1  274468001DP    00094834970000000000                         3010274468-0125042300000001058900210050101A200323000000000000001882504230000000000000000000000000000000000000000203845717001447REALMAR DISTRIBUIDORA LTDA              AV CARLOS LINDENBERG,                   GLORIA      29122355VILA VELHA     ES                                        000000009
1023135803500012000029267978         001002E1  274479001DP    00094840350000000000                         3010274479-0125042300000001346150210050101A200323000000000000002412504230000000000000000000000000000000000000000201928075021440DMA DISTRIBUIDORA S/A                   RUA RAMIRO LEAL REIS,188                ARIBIRI     29120220VILA VELHA     ES                                        000000010
1023135803500012000029267978         001002E1  274480001DP    00094841160000000000                         3010274480-0125042300000002509280210050101A200323000000000000004492504230000000000000000000000000000000000000000201928075021873DMA DISTRIBUIDORA S/A                   AV VITORIA REGIA,935                    BRISAMAR    29109115VILA VELHA     ES                                        000000011
1023135803500012000029267978         001002E1  274489001DP    00094849730000000000                         3010274489-0125042300000002361080210050101A200323000000000000004232504230000000000000000000000000000000000000000201928075006050DMA DISTRIBUIDORA S/A                   RUA CARLOS ROMERO MARANGONI,200         JARDIM CAMBU29090620VITORIA        ES                                        000000012
1023135803500012000029267978         001002E1  274491001DP    00094851980000000000                         3010274491-0105052300000001060690210050101A200323000000000000001900505230000000000000000000000000000000000000000201928075009156DMA DISTRIBUIDORA S/A                   RUA RUY PINTO BANDEIRA,TERREO,530       JARDIM CAMBU29090130VITORIA        ES                                        000000013
1023135803500012000029267978         001002E1  274528001DP    00094883750000000000                         3010274528-0120042300000001241640210050101A200323000000000000002212004230000000000000000000000000000000000000000203845717001951REALMAR DISTRIBUIDORA LTDA              RUA JOSE ALCANTARA BOURGUIGNON,90       MUQUICABA   29215450GUARAPARI      ES                                        000000014
1023135803500012000029267978         001002E1  274529001DP    00094884560000000000                         3010274529-0125042300000001767700210050101A200323000000000000003152504230000000000000000000000000000000000000000203845717001951REALMAR DISTRIBUIDORA LTDA              RUA JOSE ALCANTARA BOURGUIGNON,90       MUQUICABA   29215450GUARAPARI      ES                                        000000015
1023135803500012000029267978         001002E1  274536001DP    00094887070000000000                         3010274536-0125042300000005561110210050101A200323000000000000009902504230000000000000000000000000000000000000000203845717004039REALMAR DISTRIBUIDORA LTDA.             AV BEIRA MAR,1932                       PRAIA DO MOR29216010GUARAPARI      ES                                        000000016
1023135803500012000029267978         001002E1  274537001DP    00094888800000000000                         3010274537-0120042300000002023260210050101A200323000000000000003602004230000000000000000000000000000000000000000203845717004039REALMAR DISTRIBUIDORA LTDA.             AV BEIRA MAR,1932                       PRAIA DO MOR29216010GUARAPARI      ES                                        000000017
1023135803500012000029267978         001002E1  274538001DP    00094889600000000000                         3010274538-0125042300000001742970210050101A200323000000000000003102504230000000000000000000000000000000000000000203845717004381REALMAR DISTRIBUIDORA LTDA.             PC ANTONIO JORGE ASSEF,382              MUQUICABA   29215430GUARAPARI      ES                                        000000018
1023135803500012000029267978         001002E1  274539001DP    00094890020000000000                         3010274539-0120042300000001339050210050101A200323000000000000002382004230000000000000000000000000000000000000000203845717004381REALMAR DISTRIBUIDORA LTDA.             PC ANTONIO JORGE ASSEF,382              MUQUICABA   29215430GUARAPARI      ES                                        000000019
1023135803500012000029267978         001002E1  274570001DP    00094917590000000000                         3010274570-0125042300000001372560210050101A200323000000000000002462504230000000000000000000000000000000000000000201928075009075DMA DISTRIBUIDORA S/A                   RUA AGENOR BARBATO,18                   GLORIA      29122530VILA VELHA     ES                                        000000020
1023135803500012000029267978         001002E1  274575001DP    00094923050000000000                         3010274575-0120042300000002389560210050101A200323000000000000004252004230000000000000000000000000000000000000000203845717002419REALMAR DISTRIBUIDORA LTDA              RUA DOUTOR ANTONIO BASILIO,534          JARDIM DA PE29060390VITORIA        ES                                        000000021
1023135803500012000029267978         001002E1  274617001DP    00094955840000000000                         3010274617-0120042300000001402050210050101A200323000000000000002502004230000000000000000000000000000000000000000203845717001366REALMAR DISTRIBUIDORA LTDA              AV JOSENILIO SARMENTO,                  ITAPOA      29101572VILA VELHA     ES                                        000000022
1023135803500012000029267978         001002E1  274622001DP    00094956650000000000                         3010274622-0125042300000002010290210050101A200323000000000000003602504230000000000000000000000000000000000000000201928075008931DMA DISTRIBUIDORA S/A                   AV RESPLENDOR,443                       PRAIA DE ITA29101500VILA VELHA     ES                                        000000023
1023135803500012000029267978         001002E1  274623001DP    00094957460000000000                         3010274623-0125042300000001044860210050101A200323000000000000001872504230000000000000000000000000000000000000000201928075008931DMA DISTRIBUIDORA S/A                   AV RESPLENDOR,443                       PRAIA DE ITA29101500VILA VELHA     ES                                        000000024
1023135803500012000029267978         001002E1  274645001DP    00094975280000000000                         3010274645-0120042300000000764570210050101A200323000000000000001362004230000000000000000000000000000000000000000203845717000807REALMAR DISTRIBUIDORA LTDA              AV CENTRAL,                             LARANJEIRAS 29165130SERRA          ES                                        000000025
1023135803500012000029267978         001002E1  274651001DP    00094981760000000000                         3010274651-0120042300000000477310210050101A200323000000000000000852004230000000000000000000000000000000000000000203845717000637REALMAR DISTRIBUIDORA LTDA              RUA DO COMERCIO,                        VALPARAISO  29160970SERRA          ES                                        000000026
1023135803500012000029267978         001002E1  274703001DP    00095016570000000000                         3010274703-0125042300000000480400210050101A210323000000000000000820000000000000000000000000000000000000000000000230742324001057DISTRIBUIDORA DE CARNES E PRODUTOS      RODOVIA XV DE NOVEMBRO,1711             SAO FRANCISC29830000NOVA VENECIA   ES                                        000000027
1023135803500012000029267978         001002E1  274705001DP    00095017380000000000                         3010274705-0111042300000000993920210050101A210323000000000000001721104230000000000000000000000000000000000000000203073056002027LOCATELLI SUPERMERCADOS E SERVICOS LTDA AVENIDA JORVALIM JERONIMO DE SOUZA,729  CENTRO      29850000ECOPORANGA     ES                                        000000028
1023135803500012000029267978         001002E1  274722001DP    00095024670000000000                         3010274722-0124042300000011301250210050101A210323000000000000019210000000000000000000000000000000000000000000000206955576000865ITAPOA SUPERMERCADO LTDA                AVENIDA DESEMBARGADOR DERMEVAL LYRIO,100MATA DA PRAI29065340VITORIA        ES                                        000000029
1023135803500012000029267978         001002E1  274723001DP    00095025480000000000                         3010274723-0124042300000001778600210050101A210323000000000000003020000000000000000000000000000000000000000000000206955576000865ITAPOA SUPERMERCADO LTDA                AVENIDA DESEMBARGADOR DERMEVAL LYRIO,100MATA DA PRAI29065340VITORIA        ES                                        000000030
1023135803500012000029267978         001002E1  274726001DP    00095028900000000000                         3010274726-0124042300000005115200210050101A210323000000000000008700000000000000000000000000000000000000000000000206955576000199ITAPOA SUPERMERCADO LTDA                RUA DEOLINDO PERIM,                     ITAPOA      29102055VILA VELHA     ES                                        000000031
1023135803500012000029267978         001002E1  274728001DP    00095029710000000000                         3010274728-0119042300000000746270210050101A210323000000000000001311904230000000000000000000000000000000000000000239339551000381AUTO SERVICO FAE LTDA                   RUA WALDEMAR VERCOSA PITANGA,546        ITAPUA      29101522VILA VELHA     ES                                        000000032
1023135803500012000029267978         001002E1  274730001DP    00095031960000000000                         3010274730-0124042300000003969700210050101A210323000000000000006750000000000000000000000000000000000000000000000227990092000150SUPERMERCADOS CALVI LTDA                RUA DOS PEREGRINOS,01                   VILA PALESTI29145805CARIACICA      ES                                        000000033
1023135803500012000029267978         001002E1  274731001DP    00095032770000000000                         3010274731-0119042300000001738430210050101A210323000000000000003051904230000000000000000000000000000000000000000227473669001552SUPERMERCADOS CASAGRANDE LTDA (F14)     RUA ESTRELA MATUTINA,111                CRUZEIRO DO 29144010CARIACICA      ES                                        000000034
1023135803500012000029267978         001002E1  274738001DP    00095036090000000000                         3010274738-0112042300000002558150210050101A210323000000000000004350000000000000000000000000000000000000000000000201785887000133COMERCIAL LITORAL LTDA                  AV OLGAMITHO RODRIGUES,175              SANTA MONICA29105615VILA VELHA     ES                                        000000035
1023135803500012000029267978         001002E1  274739001DP    00095037810000000000                         3010274739-0119042300000001801440210050101A210323000000000000003161904230000000000000000000000000000000000000000239339551000110AUTO SERVICO FAE LTDA                   AV MINISTRO SALGADO FILHO,1525          SOTECO      29106010VILA VELHA     ES                                        000000036
1023135803500012000029267978         001002E1  274742001DP    00095038620000000000                         3010274742-0119042300000004215810210050101A210323000000000000007391904230000000000000000000000000000000000000000227473669002877SUPERMERCADOS CASAGRANDE LTDA           RUA GUARANA,SN                          RIO MARINHO 29112400VILA VELHA     ES                                        000000037
1023135803500012000029267978         001002E1  274743001DP    00095039430000000000                         3010274743-0112042300000000622600210050101A210323000000000000001060000000000000000000000000000000000000000000000201785887000133COMERCIAL LITORAL LTDA                  AV OLGAMITHO RODRIGUES,175              SANTA MONICA29105615VILA VELHA     ES                                        000000038
1023135803500012000029267978         001002E1  274744001DP    00095040870000000000                         3010274744-0112042300000001680000210050101A210323000000000000002860000000000000000000000000000000000000000000000201785887000133COMERCIAL LITORAL LTDA                  AV OLGAMITHO RODRIGUES,175              SANTA MONICA29105615VILA VELHA     ES                                        000000039
1023135803500012000029267978         001002E1  274745001DP    00095041680000000000                         3010274745-0112042300000000748200210050101A210323000000000000001270000000000000000000000000000000000000000000000204880876000120CENTRAL DOS PAES LTDA ME                RUA TRINTA E UM,129                     SANTA MONICA29105510VILA VELHA     ES                                        000000040
1023135803500012000029267978         001002E1  274746001DP    00095042490000000000                         3010274746-0113042300000000980000210050101A210323000000000000001670000000000000000000000000000000000000000000000214254229000167SUPERMERCADO OASIS LTDA EPP             AVENIDA SERGIO CARDOSO,1379             GUARANHUNS  29103605VILA VELHA     ES                                        000000041
1023135803500012000029267978         001002E1  274747001DP    00095043200000000000                         3010274747-0105042300000000360900210050101A210323000000000000000610000000000000000000000000000000000000000000000205826212000146PADARIA JESUS DA A GRACA LTDA ME        AVENIDA OLGAMITHO RODRIGUES,289         SANTA MONICA29105615VILA VELHA     ES                                        000000042
1023135803500012000029267978         001002E1  274748001DP    00095044000000000000                         3010274748-0112042300000000267750210050101A210323000000000000000460000000000000000000000000000000000000000000000100030767520653JOEL DE SOUZA                           RUA JOSE DE ALENCAR,35                  BOA VISTA   29102770VILA VELHA     ES                                        000000043
1023135803500012000029267978         001002E1  274749001DP    00095045910000000000                         3010274749-0112042300000000556600210050101A210323000000000000000950000000000000000000000000000000000000000000000227540715000193PANIFICADORA E RESTAURANTE PEREIRA LTDA PRACA DE ASSIS CHATEUBRIANO ,80         IBES        29108630VILA VELHA     ES                                        000000044
1023135803500012000029267978         001002E1  274750001DP    00095046720000000000                         3010274750-0105042300000000284200210050101A210323000000000000000480000000000000000000000000000000000000000000000202296686000135PANIFICADORA NEVES LTDA ME              RUA JOSE DE ALENCAR,105                 BOA VISTA I 29107547VILA VELHA     ES                                        000000045
1023135803500012000029267978         001002E1  274751001DP    00095047530000000000                         3010274751-0105042300000000516300210050101A210323000000000000000880000000000000000000000000000000000000000000000205932696000108H. DE A. COUTINHO ME                    RUA ITAPETINGA 147 L 1E2,               JOCKEY DE IT29000000VILA VELHA     ES                                        000000046
1023135803500012000029267978         001002E1  274753001DP    00095049150000000000                         3010274753-0106042300000001004000210050101A210323000000000000001710000000000000000000000000000000000000000000000224270256000187CARANGOLEJO ENTRETENIMENTO EIRELI       ROD. DO SOL 5000 LJ1001,1004,1005,1001A JOCKEY DE IT29103900VILA VELHA     ES                                        000000047
1023135803500012000029267978         001002E1  274755001DP    00095050590000000000                         3010274755-0129032300000000155100210050101A210323000000000000000260000000000000000000000000000000000000000000000226721776000194E S R TAVARES EIRELI ME                 VITORIA REGIA,1950                      JARDIM ASTEC29104485VILA VELHA     ES                                        000000048
1023135803500012000029267978         001002E1  274756001DP    00095051300000000000                         3010274756-0129032300000000219600210050101A210323000000000000000370000000000000000000000000000000000000000000000235244648000198FELIPE STEIN COELHO                     AV AMAZONAS,350                         JOCKEY DE IT29103830VILA VELHA     ES                                        000000049
1023135803500012000029267978         001002E1  274759001DP    00095053000000000000                         3010274759-0112042300000000432650210050101A210323000000000000000740000000000000000000000000000000000000000000000239897891000166SUPERMERCADO MARIANO LTDA               RUA MESTRE GOMES,391                    GLORIA      29122100VILA VELHA     ES                                        000000050
1023135803500012000029267978         001002E1  274760001DP    00095054820000000000                         3010274760-0112042300000000537150210050101A210323000000000000000910000000000000000000000000000000000000000000000239772221000113CELSO LOUBACK COELHO                    AV DOS ESTADOS,17                       JOCKEY DE IT29103860VILA VELHA     ES                                        000000051
1023135803500012000029267978         001002E1  274762001DP    00095055630000000000                         3010274762-0112042300000000392400210050101A210323000000000000000670000000000000000000000000000000000000000000000234380151000134RITA DE CASSIA MIRANDA SAMPAIO SILVA 045AV AMAZONAS,313                         JOCKEY DE IT29103830VILA VELHA     ES                                        000000052
1023135803500012000029267978         001002E1  274763001DP    00095056440000000000                         3010274763-0112042300000000767400210050101A210323000000000000001300000000000000000000000000000000000000000000000238158920000105PADARIA E CONFEITARIA JARDINS           AVENIDA VITORIA REGIA,1595              JARDIN ASTEC29104590VILA VELHA     ES                                        000000053
1023135803500012000029267978         001002E1  274770001DP    00095059970000000000                         3010274770-0124042300000000416150210050101A210323000000000000000710000000000000000000000000000000000000000000000229615313000217PATI GI SUPERMERCADOS LTDA              R ABIAIL DO AMARAL CARNEIRO,84          ENSEADA SUA 29050535VITORIA        ES                                        000000054
1023135803500012000029267978         001002E1  274771001DP    00095060200000000000                         3010274771-0129032300000000520100210050101A210323000000000000000880000000000000000000000000000000000000000000000242168348000132EMPORIO SAO PEDRO PADARIA E AUTO SERVICORUA FERREIRA COELHO,60                  PRAIA DO SUA29052210VITORIA        ES                                        000000055
1023135803500012000029267978         001002E1  274772001DP    00095061010000000000                         3010274772-0129032300000000158600210050101A210323000000000000000270000000000000000000000000000000000000000000000241909130000129RESIDENCIA SENIOR PRAIA DO SUA          RUA NEVES ARMOND,55                     PRAIA DO SUA29052280VITORIA        ES                                        000000056
1023135803500012000029267978         001002E1  274773001DP    00095062920000000000                         3010274773-0112042300000000505000210050101A210323000000000000000860000000000000000000000000000000000000000000000227457498000172DALL ORTO DALVI E CIA LTDA              AVENIDA LOURIVAL NUNES,                 JARDIM LIMOE29164050SERRA          ES                                        000000057
1023135803500012000029267978         001002E1  274774001DP    00095063730000000000                         3010274774-0112042300000000223650210050101A210323000000000000000380000000000000000000000000000000000000000000000230981179000176PRODUTOS ALIMENTICIOS GAIVOTA AZUL      RUA ALPHEU RIBEIRO,1125                 CARAPINA    29161040SERRA          ES                                        000000058
1023135803500012000029267978         001002E1  274775001DP    00095064540000000000                         3010274775-0112042300000000496750210050101A210323000000000000000840000000000000000000000000000000000000000000000228475119000130AUTO SERVICO ESMERALDA LTDA             AV SANTOS DUMONT,110                    NOSSA SENHOR29161144SERRA          ES                                        000000059
1023135803500012000029267978         001002E1  274776001DP    00095065350000000000                         3010274776-0129032300000000385650210050101A210323000000000000000660000000000000000000000000000000000000000000000239811914000178PANIFICADORA E CONF KAIU DO CEU LTDA ME RUA SANTOS DO MONT,SN                   LARANJEIRAS 29165048SERRA          ES                                        000000060
1023135803500012000029267978         001002E1  274777001DP    00095066160000000000                         3010274777-0129032300000000136500210050101A210323000000000000000230000000000000000000000000000000000000000000000226245371000127AERO COMERCIO CAPIXABA LTDA             ALFEU RIBEIRO N 420,                    CARAPINHA GR29160065SERRA          ES                                        000000061
1023135803500012000029267978         001002E1  274779001DP    00095068880000000000                         3010274779-0112042300000000490730210050101A210323000000000000000830000000000000000000000000000000000000000000000227193693000132PADARIA E CONFEITARIA SC LTDA-ME        AV COPACABANA,530                       MORADA DE LA29166820SERRA          ES                                        000000062
1023135803500012000029267978         001002E1  274780001DP    00095069690000000000                         3010274780-0129032300000000190650210050101A210323000000000000000320000000000000000000000000000000000000000000000229496579000107PADARIA LUCIAN EIRELI                   RUA SANTO ANDRE,                        ANDRE CARLON29161851SERRA          ES                                        000000063
1023135803500012000029267978         001002E1  274782001DP    00095071830000000000                         3010274782-0112042300000000207450210050101A210323000000000000000350000000000000000000000000000000000000000000000231013609000129ZSS SUPERMERCADO EIRELI                 AVE COPACABANA,765                      MORADA DE LA29166820SERRA          ES                                        000000064
1023135803500012000029267978         001002E1  274784001DP    00095072640000000000                         3010274784-0129032300000000127200210050101A210323000000000000000220000000000000000000000000000000000000000000000229220913000103PADARIA E AUTO SERVICO PAO NOSSO LTDA   R.MARIA RODRIGUES,31                    CARAPINA GRA29160013SERRA          ES                                        000000065
1023135803500012000029267978         001002E1  274785001DP    00095073450000000000                         3010274785-0105042300000000234000210050101A210323000000000000000400000000000000000000000000000000000000000000000234816627000137ARLETE FERREIRA PENA DE SANTANA         RUA MARIO BATALHA,20                    DE FATIMA   29160781SERRA          ES                                        000000066
1023135803500012000029267978         001002E1  274786001DP    00095074260000000000                         3010274786-0105042300000000624080210050101A210323000000000000001060000000000000000000000000000000000000000000000234366453000158KAMILA NERY BIGHI 12901619762           AV PAULO PEREIRA GOMES,                 MORADA LARAN29166828SERRA          ES                                        000000067
1023135803500012000029267978         001002E1  274788001DP    00095077790000000000                         3010274788-0105042300000001012490210050101A210323000000000000001720000000000000000000000000000000000000000000000237442692000138ROSSETTO COMERCIO DE ALIMENTOS ATACADO EAL BARAO DE MONJARDIM QUADRA 14 LOTE 06,JACUHY      29161287SERRA          ES                                        000000068
1023135803500012000029267978         001002E1  274789001DP    00095079300000000000                         3010274789-0129032300000000146500210050101A210323000000000000000250000000000000000000000000000000000000000000000239277763000110PADARIA E AUTO SERVICO LARANJEIRAS LTDA AV CENTRAL LOJA 01,628                  PARQUE RES. 29165130SERRA          ES                                        000000069
1023135803500012000029267978         001002E1  274790001DP    00095080740000000000                         3010274790-0112042300000000249100210050101A210323000000000000000420000000000000000000000000000000000000000000000232320397000195COMERCIAL LAGUNA ART CONV EIRELI        AV DESEMBARGADOR MARIO DA SILVA CUNHA,78JARDIM LIMOE29164044SERRA          ES                                        000000070
1023135803500012000029267978         001002E1  274791001DP    00095081550000000000                         3010274791-0119042300000001310560210050101A210323000000000000002230000000000000000000000000000000000000000000000229468694000410QUITANDA COMERCIO DE ALIMENTOS LTDA     AV COPACABANA,809                       MORADA DE LA29166820SERRA          ES                                        000000071
1023135803500012000029267978         001002E1  274792001DP    00095082360000000000                         3010274792-0119042300000000803110210050101A210323000000000000001370000000000000000000000000000000000000000000000229468694000410QUITANDA COMERCIO DE ALIMENTOS LTDA     AV COPACABANA,809                       MORADA DE LA29166820SERRA          ES                                        000000072
1023135803500012000029267978         001002E1  274793001DP    00095083170000000000                         3010274793-0129032300000000151200210050101A210323000000000000000260000000000000000000000000000000000000000000000100012284193706ELIZA DE AZEVEDO                        RUA NARA LEAO,125                       JARDIM LIMOE29164125SERRA          ES                                        000000073
1023135803500012000029267978         001002E1  274794001DP    00095084060000000000                         3010274794-0119042300000004451070210050101A210323000000000000007570000000000000000000000000000000000000000000000236317428000100NOLASCO & VIEIRA LTDA ME                RUA ELESBAO LINHARES LOJA 19,0          PRAIA DO CAN29057220VITORIA        ES                                        000000074
1023135803500012000029267978         001002E1  274795001DP    00095085890000000000                         3010274795-0112042300000003929050210050101A210323000000000000006680000000000000000000000000000000000000000000000209290910000120PADARIA E CONFEITARIA AMENDOEIRAS LTDA  AVENIDA RIO BRANCO - LOJA 1,1512        PRAIA DO CAN29055642VITORIA        ES                                        000000075
1023135803500012000029267978         001002E1  274796001DP    00095086600000000000                         3010274796-0112042300000000501220210050101A210323000000000000000850000000000000000000000000000000000000000000000231489750000100M. P. BISI COMERCIO DE LATICINIOS LTDA MAV RIO BRANCO,1294                      PRAIA DO CAN29055642VITORIA        ES                                        000000076
1023135803500012000029267978         001002E1  274797001DP    00095087400000000000                         3010274797-0112042300000000253200210050101A210323000000000000000430000000000000000000000000000000000000000000000205566488000132COMERCIO DE ALIMENTOS ESPECIAIS LTDA ME RUA ELESBAO LINHARES,15                 PRAIA DO CAN29055340VITORIA        ES                                        000000077
1023135803500012000029267978         001002E1  274799001DP    00095089020000000000                         3010274799-0105042300000000283870210050101A210323000000000000000480000000000000000000000000000000000000000000000203121166000154RFW COMERCIAL LTDA ME                   RUA JOAQUIM LIRIO,610                   PRAIA DO CAN29055460VITORIA        ES                                        000000078
1023135803500012000029267978         001002E1  274800001DP    00095091270000000000                         3010274800-0120042300000000309620210050101A210323000000000000000542004230000000000000000000000000000000000000000202387708000334SUPERMERCADO INTEGRAL LTDA              RODOVIA SERAFIM DERENZI,                JOANA D ARC 29048015VITORIA        ES                                        000000079
1023135803500012000029267978         001002E1  274801001DP    00095092080000000000                         3010274801-0112042300000001056620210050101A210323000000000000001800000000000000000000000000000000000000000000000224189949000140PADARIA E CONF. SANTA HELENA LTDA EPP   ALAMEDA HELIO DA SILVA FERRAZ,22        SANTA HELENA29055090VITORIA        ES                                        000000080
1023135803500012000029267978         001002E1  274802001DP    00095093990000000000                         3010274802-0112042300000003238640210050101A210323000000000000005510000000000000000000000000000000000000000000000226517069000180NATURALIS HORTIFRUTIGRANJEIROS LTDA EPP RUA JOAO DA CRUZ N395,                  PRAIA DO CAN29055620VITORIA        ES                                        000000081
1023135803500012000029267978         001002E1  274803001DP    00095094700000000000                         3010274803-0112042300000001986680210050101A210323000000000000003380000000000000000000000000000000000000000000000226517069000180NATURALIS HORTIFRUTIGRANJEIROS LTDA EPP RUA JOAO DA CRUZ N395,                  PRAIA DO CAN29055620VITORIA        ES                                        000000082
1023135803500012000029267978         001002E1  274804001DP    00095095500000000000                         3010274804-0112042300000003467400210050101A210323000000000000005890000000000000000000000000000000000000000000000231732365000487COMERCIAL TRESMANN LTDA                 RUA JOAQUIM LIRIO,76                    PRAIA DO CAN29055460VITORIA        ES                                        000000083
1023135803500012000029267978         001002E1  274805001DP    00095096310000000000                         3010274805-0112042300000001017200210050101A210323000000000000001730000000000000000000000000000000000000000000000231732365000487COMERCIAL TRESMANN LTDA                 RUA JOAQUIM LIRIO,76                    PRAIA DO CAN29055460VITORIA        ES                                        000000084
1023135803500012000029267978         001002E1  274806001DP    00095097120000000000                         3010274806-0112042300000000375500210050101A210323000000000000000640000000000000000000000000000000000000000000000239358593000106COMERCIAL IATE LTDA EPP                 AVE SATURNINO DE BRITO,1394             PRAIA DO CAN29055440VITORIA        ES                                        000000085
1023135803500012000029267978         001002E1  274807001DP    00095098010000000000                         3010274807-0129032300000000125000210050101A210323000000000000000210000000000000000000000000000000000000000000000230810283000106LLA COMERCIO DE PRODUTOS ALIMENTICIOS LTRUA ELESBAO LINHARES,41                 PRAIA DO CAN29055340VITORIA        ES                                        000000086
1023135803500012000029267978         001002E1  274808001DP    00095099840000000000                         3010274808-0112042300000000253200210050101A210323000000000000000430000000000000000000000000000000000000000000000231368704000145PADARIA ODARA LTDA                      R ALEIXO NETTO,834                      PRAIA DO CAN29055260VITORIA        ES                                        000000087
1023135803500012000029267978         001002E1  274809001DP    00095100520000000000                         3010274809-0105042300000000329400210050101A210323000000000000000560000000000000000000000000000000000000000000000236357167000151RPA COMERCIO DE ALIMENTOS               RUA JOAO DA CRUZ,                       PRAIA DO CAN29055620VITORIA        ES                                        000000088
1023135803500012000029267978         001002E1  274810001DP    00095101330000000000                         3010274810-0112042300000000411660210050101A210323000000000000000700000000000000000000000000000000000000000000000241004429000134FAST NUTRI CONCEPT COMERCIO DE PRODUTOS AV RIO BRANCO,154                       PRAIA DO CAN29055643VITORIA        ES                                        000000089
1023135803500012000029267978         001002E1  274811001DP    00095102140000000000                         3010274811-0112042300000000339150210050101A210323000000000000000580000000000000000000000000000000000000000000000243340054000109PADARIA E CONFEITARIA SIPOLATTI LTDA    RUA JOSE TEIXEIRA,145                   PRAIA DO CAN29055310VITORIA        ES                                        000000090
1023135803500012000029267978         001002E1  274812001DP    00095103030000000000                         3010274812-0112042300000000791300210050101A210323000000000000001350000000000000000000000000000000000000000000000243811821000110TANTI AFFETTI LTDA                      R DESEMBARGADOR SAMPAIO,182             PRAIA DO CAN29055250VITORIA        ES                                        000000091
1023135803500012000029267978         001002E1  274813001DP    00095104860000000000                         3010274813-0112042300000000548550210050101A210323000000000000000930000000000000000000000000000000000000000000000236017534000178EMPORIO DOS PAES LTDA                   R DR. JOAO CARLOS DE SOUZA,40           SANTA LUIZA 29045360VITORIA        ES                                        000000092
1023135803500012000029267978         001002E1  274814001DP    00095105670000000000                         3010274814-0129032300000000110000210050101A210323000000000000000190000000000000000000000000000000000000000000000208241082000178IMM PRODUTOS NATURAIS LTDA              AV RIO BRANCO,1645                      PRAIA DO CAN29055643VITORIA        ES                                        000000093
1023135803500012000029267978         001002E1  274815001DP    00095106480000000000                         3010274815-0124042300000000387700210050101A210323000000000000000660000000000000000000000000000000000000000000000229615313000560PATI GI SUPERMERCADOS LTDA              R MANOEL GONCALVES CARNEIRO,40          PRAIA DO CAN29055740VITORIA        ES                                        000000094
1023135803500012000029267978         001002E1  274816001DP    00095107290000000000                         3010274816-0112042300000000693000210050101A210323000000000000001180000000000000000000000000000000000000000000000200282054000197MERCANTIL PARTECAM LTDA                 RUA AGUA MARINHA,74                     SANTA MONICA29200000GUARAPARI      ES                                        000000095
1023135803500012000029267978         001002E1  274817001DP    00095108000000000000                         3010274817-0112042300000001292900210050101A210323000000000000002200000000000000000000000000000000000000000000000200282054000197MERCANTIL PARTECAM LTDA                 RUA AGUA MARINHA,74                     SANTA MONICA29200000GUARAPARI      ES                                        000000096
1023135803500012000029267978         001002E1  274818001DP    00095109900000000000                         3010274818-0112042300000000899350210050101A210323000000000000001530000000000000000000000000000000000000000000000200247347000133MERCADO QUERO MAIS LTDA                 RODOVIA DO SOL,1150                     AEROPORTO   29160000GUARAPARI      ES                                        000000097
1023135803500012000029267978         001002E1  274819001DP    00095110240000000000                         3010274819-0112042300000001406500210050101A210323000000000000002390000000000000000000000000000000000000000000000200258069000110SUPERMERCADO GIANIZELI LTDA             AV PADRE JOSE DE ANCHIETA,3328          PEROCAO     29220730GUARAPARI      ES                                        000000098
1023135803500012000029267978         001002E1  274820001DP    00095111050000000000                         3010274820-0112042300000000848550210050101A210323000000000000001440000000000000000000000000000000000000000000000231695513000198SUPERMERCADO LIDIO LTDA ME              RUA DA MARINHA S/N,                     ITAPEBUSSU  29200000GUARAPARI      ES                                        000000099
1023135803500012000029267978         001002E1  274821001DP    00095112960000000000                         3010274821-0105042300000000182150210050101A210323000000000000000310000000000000000000000000000000000000000000000239798244000105MARIA MARGARIDA PEIZINO CALENZANI ME    RUA JOSE CARNETI,172                    MUQUICABA   29215320GUARAPARI      ES                                        000000100
1023135803500012000029267978         001002E1  274822001DP    00095113770000000000                         3010274822-0112042300000000440700210050101A210323000000000000000750000000000000000000000000000000000000000000000200412894000127G.R.DE SA HIPERMERCADO ME               AV CENTRAL,10                           ADALBERTO SI29214400GUARAPARI      ES                                        000000101
1023135803500012000029267978         001002E1  274823001DP    00095114580000000000                         3010274823-0129032300000000334100210050101A210323000000000000000570000000000000000000000000000000000000000000000232415556000135PADARIA PEROPAO LTDA                    AV VITORIA ,SN                          JABARAI     29220000GUARAPARI      ES                                        000000102
1023135803500012000029267978         001002E1  274824001DP    00095115390000000000                         3010274824-0112042300000000918000210050101A210323000000000000001560000000000000000000000000000000000000000000000208497261000170SUPERMERCADO DEDE LTDA EPP              RUA A DOIS,25                           PORTAL DE GU29220060GUARAPARI      ES                                        000000103
1023135803500012000029267978         001002E1  274825001DP    00095116100000000000                         3010274825-0112042300000003717200210050101A210323000000000000006320000000000000000000000000000000000000000000000208497261000170SUPERMERCADO DEDE LTDA EPP              RUA A DOIS,25                           PORTAL DE GU29220060GUARAPARI      ES                                        000000104
1023135803500012000029267978         001002E1  274826001DP    00095117090000000000                         3010274826-0105042300000000202200210050101A210323000000000000000340000000000000000000000000000000000000000000000226570863000198ZANOL COMERCIAL LTDA ME                 ARLINDO LOURE DAS NEVES,                JARDIM SANTA29217235GUARAPARI      ES                                        000000105
1023135803500012000029267978         001002E1  274827001DP    00095118810000000000                         3010274827-0105042300000000681650210050101A210323000000000000001160000000000000000000000000000000000000000000000210235559000154MERCEARIA LETICIA LTDA ME               RUA BENEDITO MELLO SERRANO,330          PRAIA DO MOR29216550GUARAPARI      ES                                        000000106
1023135803500012000029267978         001002E1  274829001DP    00095120040000000000                         3010274829-0105042300000000861530210050101A210323000000000000001460000000000000000000000000000000000000000000000235520389000180MERCADO VINTE E QUATRO HORAS LTDA       AVENIDA BEIRA-MAR 1462 LOJA 38 E 39,39  PRAIA DO MOR29216010GUARAPARI      ES                                        000000107
1023135803500012000029267978         001002E1  274831001DP    00095123490000000000                         3010274831-0105042300000000403000210050101A2103230000000000000006900000000000000000000000000000000000000000000002279974710001723 IRMAOS COMERCIO DE CARNES EIRELI      R AMAZONAS LOJA B,S/N                   SAÉO GABRIEL29213195GUARAPARI      ES                                        000000108
1023135803500012000029267978         001002E1  274833001DP    00095125000000000000                         3010274833-0105042300000000184700210050101A210323000000000000000310000000000000000000000000000000000000000000000227767226000179ELENILZA SENA SANTOS                    R. K.,139                               ADALBERTO SI29214290GUARAPARI      ES                                        000000109
1023135803500012000029267978         001002E1  274834001DP    00095127720000000000                         3010274834-0112042300000000780050210050101A210323000000000000001330000000000000000000000000000000000000000000000245718085000186SOARES SOL E MAR LTDA                   AV. MUNIR ABUD,352                      PRAIA DO MOR29216045GUARAPARI      ES                                        000000110
1023135803500012000029267978         001002E1  274835001DP    00095128530000000000                         3010274835-0112042300000000618700210050101A210323000000000000001050000000000000000000000000000000000000000000000247286334000137MULTIMAIS SUPERMERCADOS LTDA            AV GOVERNADOR JONES DOS SANTOS NEVES,376MUQUICABA   29215002GUARAPARI      ES                                        000000111
1023135803500012000029267978         001002E1  274837001DP    00095129340000000000                         3010274837-0129032300000000185600210050101A210323000000000000000320000000000000000000000000000000000000000000000245659888000107LETICIA FRANCA MELO 15782419792         RUA JOAQUIM DE JESUS FERREIRA,747       ITAPEBUSSU  29210015GUARAPARI      ES                                        000000112
1023135803500012000029267978         001002E1  274839001DP    00095130780000000000                         3010274839-0119042300000001462700210050101A210323000000000000002490000000000000000000000000000000000000000000000205432882000188SUPERMERCADO CARON LTDA                 AV BELO HORIZONTE,590                   NOVA CARAPIN29170300SERRA          ES                                        000000113
1023135803500012000029267978         001002E1  274840001DP    00095131590000000000                         3010274840-0119042300000000533370210050101A210323000000000000000910000000000000000000000000000000000000000000000206911252000159COMERCIAL DE ALIMENTOS ASTER LTDA       REGIAO SUDESTE,                         BARCELONA   29166200SERRA          ES                                        000000114
1023135803500012000029267978         001002E1  274841001DP    00095132300000000000                         3010274841-0112042300000000230200210050101A210323000000000000000390000000000000000000000000000000000000000000000230787352000108GERALDO LIBERATO ME                     AV BELO HORIZONTE S/N,0                 NOVA CARAPIN29170650SERRA          ES                                        000000115
1023135803500012000029267978         001002E1  274842001DP    00095133100000000000                         3010274842-0105042300000000382950210050101A210323000000000000000650000000000000000000000000000000000000000000000209124153000115MINI MERCADO JULIA LTDA                 AV ANTONIO DIAS,340                     NOVA CARAPIN29170183SERRA          ES                                        000000116
1023135803500012000029267978         001002E1  274843001DP    00095135820000000000                         3010274843-0119042300000000290450210050101A210323000000000000000490000000000000000000000000000000000000000000000216604075000111SUPERMERCADO COMPRE BEM EIRELI EPP      AV BRASILIA,252                         PORTO CANOA 29168000SERRA          ES                                        000000117
1023135803500012000029267978         001002E1  274847001DP    00095138250000000000                         3010274847-0105042300000000158950210050101A210323000000000000000270000000000000000000000000000000000000000000000214283369000163ANGELITO DOS SANTOS 04562156708 ME      RUA COLIBRI N 29,                       SERRA DOURAD29171439SERRA          ES                                        000000118
1023135803500012000029267978         001002E1  274848001DP    00095139060000000000                         3010274848-0112042300000000281900210050101A210323000000000000000480000000000000000000000000000000000000000000000231295557000120J.G.M.PIMENTEL SUPERMERCADO             AV BELO HORIZONTE,                      SERRA  DOURA29171051SERRA          ES                                        000000119
1023135803500012000029267978         001002E1  274849001DP    00095140400000000000                         3010274849-0129032300000000191800210050101A210323000000000000000330000000000000000000000000000000000000000000000218748811000130HORTI FRUTI DE JESUS LTDA               ROMA,608                                PARQUE RESID29171708SERRA          ES                                        000000120
1023135803500012000029267978         001002E1  274850001DP    00095141200000000000                         3010274850-0119042300000006948540210050101A210323000000000000012181904230000000000000000000000000000000000000000227473669002362SUPERMERCADOS CASAGRANDE LTDA           AVENIDA REGIAO SUDESTE,                 BARCELONA   29166200SERRA          ES                                        000000121
1023135803500012000029267978         001002E1  274851001DP    00095142010000000000                         3010274851-0112042300000000338000210050101A210323000000000000000570000000000000000000000000000000000000000000000236105767000122J.BLANK SUPERMERCADOS                   AV.MURIAE,519                           NOVA CARAPIN29170162SERRA          ES                                        000000122
1023135803500012000029267978         001002E1  274852001DP    00095143920000000000                         3010274852-0112042300000000363250210050101A210323000000000000000620000000000000000000000000000000000000000000000236485359000143PADARIA MOURA & AUTO SERVICOS EIRELI    AV JACUNEM,103                          MATA DA SERR29168195SERRA          ES                                        000000123
1023135803500012000029267978         001002E1  274854001DP    00095144730000000000                         3010274854-0129032300000000355680210050101A210323000000000000001420000000000000000000000000000000000000000000000226256509000193H.M SUPERMERCADO LTDA                   AV MONTES CLAROS LJ 02,651              NOVA CARAPIN29170151SERRA          ES                                        000000124
1023135803500012000029267978         001002E1  274855001DP    00095146350000000000                         3010274855-0112042300000000220350210050101A210323000000000000000370000000000000000000000000000000000000000000000235206958000118PADARIA E CONFEITARIA ALIANCA EIRELI    AVENIDA BRASILIA,402                    PORTO CANOA 26168000SERRA          ES                                        000000125
1023135803500012000029267978         001002E1  274856001DP    00095147160000000000                         3010274856-0112042300000000364550210050101A210323000000000000000620000000000000000000000000000000000000000000000229615303000109PADARIA E CONFEITARIA SERRA LTDA        RUA SANTOS DUMONT,225                   PARQUE RESID29165048SERRA          ES                                        000000126
1023135803500012000029267978         001002E1  274857001DP    00095148050000000000                         3010274857-0129032300000000300300210050101A210323000000000000000510000000000000000000000000000000000000000000000100013646527730ANA PAULA FIGUEIREDO FERREIRA           RUA DOM PEDRO II,197                    PARQUE RESID29165370SERRA          ES                                        000000127
1023135803500012000029267978         001002E1  274858001DP    00095149880000000000                         3010274858-0129032300000000142800210050101A210323000000000000000240000000000000000000000000000000000000000000000100013646527730ANA PAULA FIGUEIREDO FERREIRA           RUA DOM PEDRO II,197                    PARQUE RESID29165370SERRA          ES                                        000000128
1023135803500012000029267978         001002E1  274859001DP    00095150110000000000                         3010274859-0119042300000000283780210050101A210323000000000000000480000000000000000000000000000000000000000000000233075470000254PADARIA E AUTO SERVICO ANDRE CARLONI EIRAV SAO PAULO,24                         SERRA DOURAD29171402SERRA          ES                                        000000129
1023135803500012000029267978         001002E1  274860001DP    00095151000000000000                         3010274860-0112042300000000462750210050101A210323000000000000000790000000000000000000000000000000000000000000000247150342000232SUPERMERCADO SD LTDA                    AV. BRASILIA,91                         SERRA DOURAD29171237SERRA          ES                                        000000130
1023135803500012000029267978         001002E1  274861001DP    00095152830000000000                         3010274861-0112042300000000302200210050101A210323000000000000000510000000000000000000000000000000000000000000000247150342000151SUPERMERCADO SD LTDA                    RUA JABURU,35                           SERRA DOURAD29171437SERRA          ES                                        000000131
1023135803500012000029267978         001002E1  274862001DP    00095153640000000000                         3010274862-0129032300000000180900210050101A210323000000000000000310000000000000000000000000000000000000000000000244192767000135VALCENIR MACHADO NEVES 12497723621      AV RIO DE JANEIRO,21                    SERRA DOURAD29171052SERRA          ES                                        000000132
1023135803500012000029267978         001002E1  274863001DP    00095154450000000000                         3010274863-0129032300000000201050210050101A210323000000000000000340000000000000000000000000000000000000000000000234972924000171IZAIAS TORRES DA SILVA                  RUA LISBOA,12                           PARQUE RESID29171710SERRA          ES                                        000000133
1023135803500012000029267978         001002E1  274864001DP    00095155260000000000                         3010274864-0129032300000000108800210050101A210323000000000000000180000000000000000000000000000000000000000000000100002259323774ERICK RICARDO CAMPOS GONCALVES          12 QD 07,S/N                            NOVA ROSA DA29157019CARIACICA      ES                                        000000134
1023135803500012000029267978         001002E1  274866001DP    00095157980000000000                         3010274866-0112042300000001009700210050101A210323000000000000001720000000000000000000000000000000000000000000000205868020000100COMERCIO DE PROD ALIMENTICIOS KOFFLER LTAV ARCO IRIS,234                        PROLAR      29156314CARIACICA      ES                                        000000135
1023135803500012000029267978         001002E1  274867001DP    00095158790000000000                         3010274867-0112042300000002967000210050101A210323000000000000005040000000000000000000000000000000000000000000000239283510000159COMERCIAL KIRINO ME                     RUA ANGELO ZANI,284                     VILA INDEPEN29148490CARIACICA      ES                                        000000136
1023135803500012000029267978         001002E1  274868001DP    00095159500000000000                         3010274868-0112042300000000317000210050101A210323000000000000000540000000000000000000000000000000000000000000000239283510000159COMERCIAL KIRINO ME                     RUA ANGELO ZANI,284                     VILA INDEPEN29148490CARIACICA      ES                                        000000137
1023135803500012000029267978         001002E1  274869001DP    00095160930000000000                         3010274869-0119042300000002473500210050101A210323000000000000004341904230000000000000000000000000000000000000000239283510000159COMERCIAL KIRINO ME                     RUA ANGELO ZANI,284                     VILA INDEPEN29148490CARIACICA      ES                                        000000138
1023135803500012000029267978         001002E1  274870001DP    00095161740000000000                         3010274870-0112042300000000375400210050101A210323000000000000000640000000000000000000000000000000000000000000000100009031597759CLEOMAR LOPES DE PAULA                  RUA 19,                                 NOVA ROSA DA29157422CARIACICA      ES                                        000000139
1023135803500012000029267978         001002E1  274872001DP    00095162550000000000                         3010274872-0129032300000000113100210050101A210323000000000000000190000000000000000000000000000000000000000000000100009911228797LUANA TAMARA PESCUITE                   AV OSWALDO DE AZEVEDO,462               VILA MERLO  29148608CARIACICA      ES                                        000000140
1023135803500012000029267978         001002E1  274873001DP    00095163360000000000                         3010274873-0112042300000000655500210050101A210323000000000000001110000000000000000000000000000000000000000000000100012561529789FLAVIO DE SOUZA ALMEIDA                 RUA PARAGUAI,S/N                        NOVA ESPERAN29157520CARIACICA      ES                                        000000141
1023135803500012000029267978         001002E1  274875001DP    00095164170000000000                         3010274875-0129032300000000371200210050101A210323000000000000000630000000000000000000000000000000000000000000000236302743000163J H FERREIRA E CIA LTDA                 RUA DUQUE DE CAXIAS,06                  SEDE        29156100CARIACICA      ES                                        000000142
1023135803500012000029267978         001002E1  274879001DP    00095165060000000000                         3010274879-0129032300000000402000210050101A210323000000000000000680000000000000000000000000000000000000000000000219729389000139RL FERREIRA - AR FERREIRA -ME           RUA JOAO RODRIGUES FILHO,57             SEDE        29156035CARIACICA      ES                                        000000143
1023135803500012000029267978         001002E1  274880001DP    00095166890000000000                         3010274880-0112042300000001109830210050101A210323000000000000001890000000000000000000000000000000000000000000000232968044000368ESPIRITO SANTENSE ALIMENTOS LTDA        R VINTE E DOIS,199                      NOVA ROSA DA29157420CARIACICA      ES                                        000000144
1023135803500012000029267978         001002E1  274881001DP    00095167600000000000                         3010274881-0112042300000000416200210050101A210323000000000000000710000000000000000000000000000000000000000000000235100720000103SUPERMERCADO NOVA ROSA LTDA             RUA TRINTA E SEIS,554                   NOVA ROSA DA29157428CARIACICA      ES                                        000000145
1023135803500012000029267978         001002E1  274882001DP    00095168400000000000                         3010274882-0129032300000000233600210050101A210323000000000000000400000000000000000000000000000000000000000000000225238318000136EDILAMAR GOMES DOS SANTOS GERMANO 989040R NOVENTA E UM,92                       NOVA ROSA DA29157263CARIACICA      ES                                        000000146
1023135803500012000029267978         001002E1  274883001DP    00095169210000000000                         3010274883-0119042300000002052400210050101A210323000000000000003490000000000000000000000000000000000000000000000236332252000246AUTO SERVICO INTERNACIONAL LTDA         RUA AFONSO SCHWAB,876                   NOVA ESPERAN29157500CARIACICA      ES                                        000000147
1023135803500012000029267978         001002E1  274884001DP    00095170650000000000                         3010274884-0105042300000000472700210050101A210323000000000000000800000000000000000000000000000000000000000000000234895199000185DALF COMERCIAL DE ALIMENTOS LTDA        RUA CINQUENTA E UM,55                   NOVA ROSA DA29157313CARIACICA      ES                                        000000148
1023135803500012000029267978         001002E1  274885001DP    00095171460000000000                         3010274885-0105042300000000336000210050101A210323000000000000000570000000000000000000000000000000000000000000000234895199000185DALF COMERCIAL DE ALIMENTOS LTDA        RUA CINQUENTA E UM,55                   NOVA ROSA DA29157313CARIACICA      ES                                        000000149
1023135803500012000029267978         001002E1  274886001DP    00095172270000000000                         3010274886-0119042300000000474910210050101A210323000000000000000831904230000000000000000000000000000000000000000234895199000185DALF COMERCIAL DE ALIMENTOS LTDA        RUA CINQUENTA E UM,55                   NOVA ROSA DA29157313CARIACICA      ES                                        000000150
1023135803500012000029267978         001002E1  274888001DP    00095173080000000000                         3010274888-0112042300000000416450210050101A210323000000000000000710000000000000000000000000000000000000000000000239316479000105NIVALDSON PASSOS NASCIMENTO 11002145775 AV OSVALDO DE AZEVEDO,456               VILA MERLO  29156480CARIACICA      ES                                        000000151
1023135803500012000029267978         001002E1  274889001DP    00095174990000000000                         3010274889-0112042300000000445500210050101A210323000000000000000760000000000000000000000000000000000000000000000239373881000121SUPERMERCADO HS LTDA                    AV BI0ONINA,529                         PORTO DE CAR29156603CARIACICA      ES                                        000000152
1023135803500012000029267978         001002E1  274891001DP    00095176500000000000                         3010274891-0112042300000000638750210050101A210323000000000000001090000000000000000000000000000000000000000000000227340645000120MERCEARIA SIPOLATTI LTDA                RUA SANTOS DUMONT,192                   SOTECO      29106200VILA VELHA     ES                                        000000153
1023135803500012000029267978         001002E1  274893001DP    00095178120000000000                         3010274893-0105042300000000450340210050101A210323000000000000000770000000000000000000000000000000000000000000000232469660000102PRAIA MASSAS LTDA                       AVENIDA HUGO MUSSO,1078                 PRAIA DA COS29101280VILA VELHA     ES                                        000000154
1023135803500012000029267978         001002E1  274896001DP    00095179010000000000                         3010274896-0105042300000000721220210050101A210323000000000000001230000000000000000000000000000000000000000000000207784517000168PADARIA SIPOLATTI ME                    RUA SANTOS DUMONT,363                   SOTECO      29106200VILA VELHA     ES                                        000000155
1023135803500012000029267978         001002E1  274897001DP    00095180370000000000                         3010274897-0112042300000000293850210050101A210323000000000000000500000000000000000000000000000000000000000000000215533546000185SUPERMERCADO MARQUINHOS LTDA            RUA CRISTOVAO COLOMBO,19                CRISTOVAO CO29106000VILA VELHA     ES                                        000000156
1023135803500012000029267978         001002E1  274898001DP    00095181180000000000                         3010274898-0105042300000000233800210050101A210323000000000000000400000000000000000000000000000000000000000000000231487952000105PADARIA SAO CRISTOVAO LTDA              RUA CRISTOVAO COLOMBO,25                CRISTOVAO CO29000000VILA VELHA     ES                                        000000157
1023135803500012000029267978         001002E1  274899001DP    00095182070000000000                         3010274899-0129032300000000195380210050101A210323000000000000000780000000000000000000000000000000000000000000000227348556000120GENOVEVA DELUCA DA CRUZ ME              RUA VIANA 257 LJ 01,                    SOTECO      29106091VILA VELHA     ES                                        000000158
1023135803500012000029267978         001002E1  274900001DP    00095184600000000000                         3010274900-0112042300000002042740210050101A210323000000000000003470000000000000000000000000000000000000000000000226300997000199FLV DA PRAIA COMERCIAL LTDA EPP         RUA LUCIO BARCELAR,41                   PRAIA DA COS29101030VILA VELHA     ES                                        000000159
1023135803500012000029267978         001002E1  274901001DP    00095185410000000000                         3010274901-0112042300000000327840210050101A210323000000000000000560000000000000000000000000000000000000000000000239808209000200PADARIA E CONF PETERPAO LTDA EPP        SANTA CATARINA,420 LJ 01                ITAPUA      29101545VILA VELHA     ES                                        000000160
1023135803500012000029267978         001002E1  274903001DP    00095187030000000000                         3010274903-0112042300000002592550210050101A210323000000000000004410000000000000000000000000000000000000000000000241418050000170IMARKET COMERCIO AUTONOMO DE ALIMENTOS LRUA ALMIRANTE TAMANDARE,84              SOTECO      29106220VILA VELHA     ES                                        000000161
1023135803500012000029267978         001002E1  274904001DP    00095188940000000000                         3010274904-0129032300000000440250210050101A210323000000000000000750000000000000000000000000000000000000000000000231463788000104LS COMERCIO DE DOCES EIRELI             R LUCIANO DAS NEVES,2418                DIVINO ESPIR29107900VILA VELHA     ES                                        000000162
1023135803500012000029267978         001002E1  274905001DP    00095189750000000000                         3010274905-0105042300000000542420210050101A210323000000000000000920000000000000000000000000000000000000000000000244673057000127CAPIXABA MICROMARKET LTDA               AV CAPIXABA,27                          DIVINO ESPIR29107100VILA VELHA     ES                                        000000163
1023135803500012000029267978         001002E1  274906001DP    00095190090000000000                         3010274906-0129032300000000146450210050101A210323000000000000000590000000000000000000000000000000000000000000000231511304000147MOCO COMERCIO VAREJISTA DE ALIMENTOS EIRRUA RAQUEL DE QUEIROZ,1                 RESIDENCIAL 29102614VILA VELHA     ES                                        000000164
1023135803500012000029267978         001002E1  274907001DP    00095192700000000000                         3010274907-0112042300000000345080210050101A210323000000000000000590000000000000000000000000000000000000000000000243559241000188SUPER MERCADINHO DA PRAIA LTDA          RUA ITAIPAVA,5                          PRAIA DE ITA29102120VILA VELHA     ES                                        000000165
1023135803500012000029267978         001002E1  274908001DP    00095193510000000000                         3010274908-0106042300000001071000210050101A210323000000000000001820000000000000000000000000000000000000000000000246640897000119BIXX HOME MARKET LTDA                   RUA FAGUNDES VARELA,94                  SOTECO      29106070VILA VELHA     ES                                        000000166
1023135803500012000029267978         001002E1  274911001DP    00095194320000000000                         3010274911-0126042300000004996300210050101A210323000000000000008490000000000000000000000000000000000000000000000206955576000512ITAPOA SUPERMERCADO LTDA.               EST AYRTON SENNA DA SILVA,S/N           RIVIERA DA B29126085VILA VELHA     ES                                        000000167
1023135803500012000029267978         001002E1  274912001DP    00095195130000000000                         3010274912-0112042300000001121850210050101A210323000000000000001910000000000000000000000000000000000000000000000222920431000109AUTO SERVICO MARINA LTDA ME             RUA RIO JAGUARIBE,01                    HELIO FERRAZ29160515SERRA          ES                                        000000168
1023135803500012000029267978         001002E1  274913001DP    00095196020000000000                         3010274913-0112042300000000323650210050101A210323000000000000000550000000000000000000000000000000000000000000000231013609000129ZSS SUPERMERCADO EIRELI                 AVE COPACABANA,765                      MORADA DE LA29166820SERRA          ES                                        000000169
1023135803500012000029267978         001002E1  274914001DP    00095197850000000000                         3010274914-0129032300000000233700210050101A210323000000000000000400000000000000000000000000000000000000000000000230156847000120PANIFICADORA BEIRA MAR EIRELI           AV BEIRA MAR - LOJA 20 A 25 30 E 31,1462PRAIA DO MOR29216010GUARAPARI      ES                                        000000170
1023135803500012000029267978         001002E1  274915001DP    00095198660000000000                         3010274915-0105042300000000649000210050101A210323000000000000001100000000000000000000000000000000000000000000000227427275000162PAULICEIA ERVATI                        AV EWERSON DE ABREU SODRE,930           MUQUICABA   29215010GUARAPARI      ES                                        000000171
1023135803500012000029267978         001002E1  274916001DP    00095199470000000000                         3010274916-0112042300000001308490210050101A210323000000000000002220000000000000000000000000000000000000000000000205567075000172AUTO SERVICO LUCRO REAL LTDA ME         RUA SAO JOAO LOJA B,34                  MORRO NOVO  29156175CARIACICA      ES                                        000000172
1023135803500012000029267978         001002E1  274917001DP    00095200150000000000                         3010274917-0113042300000000486300210050101A210323000000000000000830000000000000000000000000000000000000000000000231790702000140SUPERMERCADOS FIORESE LTDA              AV SEXTA AVENIDA,10                     COBILANDIA  29111065VILA VELHA     ES                                        000000173
1023135803500012000029267978         001002E1  274786002DP    00095075070000000000                         3010274786-0219042300000000624080210050101A210323000000000000001060000000000000000000000000000000000000000000000234366453000158KAMILA NERY BIGHI 12901619762           AV PAULO PEREIRA GOMES,                 MORADA LARAN29166828SERRA          ES                                        000000174
1023135803500012000029267978         001002E1  274788002DP    00095078500000000000                         3010274788-0219042300000001012490210050101A210323000000000000001720000000000000000000000000000000000000000000000237442692000138ROSSETTO COMERCIO DE ALIMENTOS ATACADO EAL BARAO DE MONJARDIM QUADRA 14 LOTE 06,JACUHY      29161287SERRA          ES                                        000000175
1023135803500012000029267978         001002E1  274799002DP    00095090460000000000                         3010274799-0219042300000000283860210050101A210323000000000000000480000000000000000000000000000000000000000000000203121166000154RFW COMERCIAL LTDA ME                   RUA JOAQUIM LIRIO,610                   PRAIA DO CAN29055460VITORIA        ES                                        000000176
1023135803500012000029267978         001002E1  274829002DP    00095121870000000000                         3010274829-0219042300000000861520210050101A210323000000000000001460000000000000000000000000000000000000000000000235520389000180MERCADO VINTE E QUATRO HORAS LTDA       AVENIDA BEIRA-MAR 1462 LOJA 38 E 39,39  PRAIA DO MOR29216010GUARAPARI      ES                                        000000177
1023135803500012000029267978         001002E1  274833002DP    00095126910000000000                         3010274833-0219042300000000184700210050101A210323000000000000000310000000000000000000000000000000000000000000000227767226000179ELENILZA SENA SANTOS                    R. K.,139                               ADALBERTO SI29214290GUARAPARI      ES                                        000000178
1023135803500012000029267978         001002E1  274842002DP    00095134000000000000                         3010274842-0219042300000000382950210050101A210323000000000000000650000000000000000000000000000000000000000000000209124153000115MINI MERCADO JULIA LTDA                 AV ANTONIO DIAS,340                     NOVA CARAPIN29170183SERRA          ES                                        000000179
1023135803500012000029267978         001002E1  274854002DP    00095145540000000000                         3010274854-0205042300000000355670210050101A210323000000000000001420000000000000000000000000000000000000000000000226256509000193H.M SUPERMERCADO LTDA                   AV MONTES CLAROS LJ 02,651              NOVA CARAPIN29170151SERRA          ES                                        000000180
1023135803500012000029267978         001002E1  274899002DP    00095183800000000000                         3010274899-0205042300000000195370210050101A210323000000000000000780000000000000000000000000000000000000000000000227348556000120GENOVEVA DELUCA DA CRUZ ME              RUA VIANA 257 LJ 01,                    SOTECO      29106091VILA VELHA     ES                                        000000181
1023135803500012000029267978         001002E1  274906002DP    00095191900000000000                         3010274906-0205042300000000146450210050101A210323000000000000000590000000000000000000000000000000000000000000000231511304000147MOCO COMERCIO VAREJISTA DE ALIMENTOS EIRRUA RAQUEL DE QUEIROZ,1                 RESIDENCIAL 29102614VILA VELHA     ES                                        000000182
90001810000019302245                                                                                                                                                                                                                                                                                                                                                                                      000183
