02100000         234307295000165                    00274 000030248363  COMPANHIA DE GAS DO ESPIRITO SBANESTES                                12303202300152309846908400000REMESSA                                                              
02100011R01  043 2034307295000165                    00274 000030248363  COMPANHIA DE GAS DO ESPIRITO S                                                                                000000002303202300000000                                 
0210001300001P 0200274 000030248363  2339183960          11222000291073001   3003202300000000000694600000 02N13032023130032023000000000000019000000000000000000000000000000000000000000000000000000000011897000900225712023 3002000090000000000 
0210001300002Q 021000028288122787JOSE OLIVEIRA                           R.ODETE DE OLIVEIRA L 361, APTO:206     JARDIM DA PENHA29060050VITORIA        ES0000000000000000                                        000                            
0210001300003P 0200274 000030248363  2234111919          11222000240598001   1510202200000000000623300000 02N04102022115102022000000000000017000000000000000000000000000000000000000000000000000000000113662100900851732022 3002000090000000000 
0210001300004Q 021000084979283772MARCOS ANTONIO DE SOUZA BANDEIRA        AV ESTUD. JOSE JULIO D 3120, AP 502     PRAIA DE ITAPAR29102010VILA VELHA     ES0000000000000000                                        000                            
0210001300005P 0200274 000030248363  2338942418          11222000288716001   1503202300000000000525300000 02N02032023115032023000000000000014000000000000000000000000000000000000000000000000000000000114611100900202272023 3002000090000000000 
0210001300006Q 021000031914900600GILMAR AMBROSIO RODRIGUES               R. CURITIBA 90, TA/AP102                ITAPUA         29101565VILA VELHA     ES0000000000000000                                        000                            
0210001300007P 0200274 000030248363  2338944038          11222000288730001   1503202300000000000525300000 02N02032023115032023000000000000014000000000000000000000000000000000000000000000000000000000114616000900202412023 3002000090000000000 
0210001300008Q 021000004239682703RICARDO GARCIA DOS SANTOS               R. CURITIBA 90, TA/AP401                ITAPUA         29101565VILA VELHA     ES0000000000000000                                        000                            
0210001300009P 0200274 000030248363  2236335261          11222000262900001   0501202300000000000549500000 02N19122022105012023000000000000015000000000000000000000000000000000000000000000000000000000019826700901068532022 3002000090000000000 
0210001300010Q 021000000546628770KATIA MARQUES MARTINS                   R RACHEL VITALINO DE BRI 110, CS 14     HELIO FERRAZ   29160596SERRA          ES0000000000000000                                        000                            
0210001300011P 0200274 000030248363  2236326009          11222000262812001   0501202300000000000549500000 02N19122022105012023000000000000015000000000000000000000000000000000000000000000000000000000014060000901067652022 3002000090000000000 
0210001300012Q 021000007981419727MARCELO AGUIAR LIMA                     R RACHEL VITALINO BRIT 110, T18/301     COND. RES. ARBO29160596SERRA          ES0000000000000000                                        000                            
0210001300013P 0200274 000030248363  2338150821          11222000280949001   2002202300000000010430700000 02N06022023120022023000000000000278000000000000000000000000000000000000000000000000000000000118019900900125082023 3002000090000000000 
0210001300014Q 022001928075021954DMA DISTRIBUIDORA SA                    AVENIDA NOSSA SENHORA DA PE 2150, 0     BARRO VERMELHO 29057565VITORIA        ES0000000000000000                                        000                            
0210001300015P 0200274 000030248363  2236854617          11222000268128001   1001202300000000002040600000 02N21122022110012023000000000000054000000000000000000000000000000000000000000000000000000000117939000901120622022 3002000090000000000 
0210001300016Q 021000013020048753PEDRO LOPES DE SÁ NETO                  RUA SERGIPE, 89, BL 1 (CALA 89, 201     PRAIA DA COSTA 29101400VILA VELHA     ES0000000000000000                                        000                            
0210001300017P 0200274 000030248363  2235478409          11222000254287001   0512202200000000000524800000 02N18112022105122022000000000000014000000000000000000000000000000000000000000000000000000000117937800900984812022 3002000090000000000 
0210001300018Q 021000010805272739RAFAEL DALMASO GUIDONI                  RUA CONSTANTE SODRE, 135 1350, 1801     PRAIA DO CANTO 29055420VITORIA        ES0000000000000000                                        000                            
0210001300019P 0200274 000030248363  2236436963          11222000263919001   0501202300000000000524800000 02N19122022105012023000000000000014000000000000000000000000000000000000000000000000000000000117937800901078712022 3002000090000000000 
0210001300020Q 021000010805272739RAFAEL DALMASO GUIDONI                  RUA CONSTANTE SODRE, 135 1350, 1801     PRAIA DO CANTO 29055420VITORIA        ES0000000000000000                                        000                            
0210001300021P 0200274 000030248363  2234919770          11222000248688001   1011202200000000000549500000 02N24102022110112022000000000000015000000000000000000000000000000000000000000000000000000000117838500900930882022 3002000090000000000 
0210001300022Q 021000014769389701JESSICA CRISTINA PIOL PIANCA            AVENIDA DES. MARIO DA S 717, T2/601     JARDIM LIMOEIRO29164044SERRA          ES0000000000000000                                        000                            
0210001300023P 0200274 000030248363  2236423802          11222000263786001   0501202300000000000532200000 02N19122022105012023000000000000014000000000000000000000000000000000000000000000000000000000117607500901077382022 3002000090000000000 
0210001300024Q 021000012982089718WENDEL AGUIAR CARLINI                   RUA HUMBERTO PEREIRA, 135 135, 1206     PRAIA DE ITAPAR29102170VILA VELHA     ES0000000000000000                                        000                            
0210001300025P 0200274 000030248363  2338945000          11222000288739001   1503202300000000000525300000 02N02032023115032023000000000000014000000000000000000000000000000000000000000000000000000000114659800900202502023 3002000090000000000 
0210001300026Q 021000004357411793KEILA CORREA VERONEZ                    R CURITIBA 90, TB/AP1103                ITAPUA         29101565VILA VELHA     ES0000000000000000                                        000                            
0210001300027P 0200274 000030248363  2337980480          11222000279299001   1502202300000000000524800000 02N02022023115022023000000000000014000000000000000000000000000000000000000000000000000000000115144700900107682023 3002000090000000000 
0210001300028Q 021000003179851759WILTON PIRES JUNIOR                     R. JOSE CELSO CLAUDIO 195, AP 805       PRAIA DAS GAIVO29102588VILA VELHA     ES0000000000000000                                        000                            
0210001300029P 0200274 000030248363  2232998550          11222003992001      2109202200000000000840100000 02N22082022121092022000000000000022000000000000000000000000000000000000000000000000000000000115144722000016532022 3002000090000000000 
0210001300030Q 021000003179851759WILTON PIRES JUNIOR                     R. JOSE CELSO CLAUDIO 195, AP 805       PRAIA DAS GAIVO29102588VILA VELHA     ES0000000000000000                                        000                            
0210001300031P 0200274 000030248363  2233859308          11222000238092001   1010202200000000000524000000 02N26092022110102022000000000000014000000000000000000000000000000000000000000000000000000000115262300900827272022 3002000090000000000 
0210001300032Q 021000011848857888JOSE IRAN DA SILVA                      AV HUMBERTO PEREIRA 170, AP 1002        ITAPARICA      29102170VILA VELHA     ES0000000000000000                                        000                            
0210001300033P 0200274 000030248363  2337714330          11222000276682001   1002202300000000000524800000 02N23012023110022023000000000000014000000000000000000000000000000000000000000000000000000000115723800900081912023 3002000090000000000 
0210001300034Q 021000002461107750EMERSON FREIRE RAMOS                    R MARATAIZES 250, T9/907                VALPARAISO     29165827SERRA          ES0000000000000000                                        000                            
0210001300035P 0200274 000030248363  2338687043          11222000286218001   1003202300000000000525200000 02N24022023110032023000000000000014000000000000000000000000000000000000000000000000000000000115723800900177422023 3002000090000000000 
0210001300036Q 021000002461107750EMERSON FREIRE RAMOS                    R MARATAIZES 250, T9/907                VALPARAISO     29165827SERRA          ES0000000000000000                                        000                            
0210001300037P 0200274 000030248363  2233873718          11222000238235001   1010202200000000000524000000 02N26092022110102022000000000000014000000000000000000000000000000000000000000000000000000000116275200900828702022 3002000090000000000 
0210001300038Q 021000041071247115ROGERIO ANTONIO SAMPAIO CAMPOS          RUA CURITIBA 90, TB/AP504               ITAPUA         29101565VILA VELHA     ES0000000000000000                                        000                            
0210001300039P 0200274 000030248363  2338194101          11222000281372001   2502202300000000000525200000 02N09022023125022023000000000000014000000000000000000000000000000000000000000000000000000000117768900900129252023 3002000090000000000 
0210001300040Q 021000012061984606GABRIELA STORK VALADARES                AVENIDA ELDES SCHERR 2286, T D /502     COLINA DE LARAN29167080SERRA          ES0000000000000000                                        000                            
0210001300041P 0200274 000030248363  2236422660          11222000263782001   0501202300000000000538800000 02N19122022105012023000000000000014000000000000000000000000000000000000000000000000000000000117602500901077342022 3002000090000000000 
0210001300042Q 021000013182836714FRANCIELLI DOS SANTOS PEREIRA RODRI     RUA MARATAIZES, 250, BL 9 250, 206      PLANALTO DE CAR29162738SERRA          ES0000000000000000                                        000                            
0210001300043P 0200274 000030248363  2236406894          11222000263623001   0501202300000000000538000000 02N19122022105012023000000000000014000000000000000000000000000000000000000000000000000000000117222300901075762022 3002000090000000000 
0210001300044Q 021000009812746765RODRIGO CAMAGNARO CARMINATTI            AVENIDA ELDES SCHER 2286, BL1/AP408     COLINA DE LARAN29167080SERRA          ES0000000000000000                                        000                            
0210001300045P 0200274 000030248363  2236367465          11222000263230001   0501202300000000000549500000 02N19122022105012023000000000000015000000000000000000000000000000000000000000000000000000000110589100901071832022 3002000090000000000 
0210001300046Q 021000008724864781EDIMAR PEREIRA SILVA                    AV ELDES SCHERRER SO 2286, TD/AP403     COLINA DE LARAN29167080SERRA          ES0000000000000000                                        000                            
0210001300047P 0200274 000030248363  2236410735          11222000263657001   0501202300000000000539700000 02N19122022105012023000000000000014000000000000000000000000000000000000000000000000000000000109070000901076092022 3002000090000000000 
0210001300048Q 021000004364221740ALESSANDRA SILVA MACHADO MARVILA        AV DES MARIO DA SILV 717, T5/AP 902     JARDIM LIMOEIRO29164044SERRA          ES0000000000000000                                        000                            
0210001300049P 0200274 000030248363  2234948100          11222004545001      2411202200000000000840100000 02N25102022124112022000000000000022000000000000000000000000000000000000000000000000000000000109070022000022752022 3002000090000000000 
0210001300050Q 021000004364221740ALESSANDRA SILVA MACHADO MARVILA        AV DES MARIO DA SILV 717, T5/AP 902     JARDIM LIMOEIRO29164044SERRA          ES0000000000000000                                        000                            
0210001300051P 0200274 000030248363  2236358121          11222000263139001   0501202300000000000549500000 02N19122022105012023000000000000015000000000000000000000000000000000000000000000000000000000108505600901070922022 3002000090000000000 
0210001300052Q 021000008684765796LEILA PEREIRA GOMES                     R MARATAIZES 250, BL9/AP1203            PLANALTO DE CAR29162738SERRA          ES0000000000000000                                        000                            
0210001300053P 0200274 000030248363  2336959666          11222000269146001   1501202300000000000540500000 02N03012023115012023000000000000014000000000000000000000000000000000000000000000000000000000108201700900008092023 3002000090000000000 
0210001300054Q 021000031750842734RITA DE CASSIA DEL SANTO GASTMANN       R RACHEL VITALINO DE 110, BL6/AP103     HELIO FERRAZ   29160596SERRA          ES0000000000000000                                        000                            
0210001300055P 0200274 000030248363  2229824970          11222000197979001   1006202200000000000447300000 02N23052022110062022000000000000012000000000000000000000000000000000000000000000000000000000107841100900436492022 3002000090000000000 
0210001300056Q 021000004631269120EULALIA ENISE CARDOSO                   AV. DES. SANTOS NEVES 436, AP.801       COND ED ASDRUBA29055100VITORIA        ES0000000000000000                                        000                            
0210001300057P 0200274 000030248363  2236355378          11222000263109001   0501202300000000001204700000 02N19122022105012023000000000000032000000000000000000000000000000000000000000000000000000000107704700901070622022 3002000090000000000 
0210001300058Q 021000012595356739LUDMILA PRATTI BRAGATTO DE SOUZA AL     ROD NORTE SUL 4905, T3/AP.305           COND RES RESERV29165752SERRA          ES0000000000000000                                        000                            
0210001300059P 0200274 000030248363  2229790382          11222000197636001   1006202200000000000455000000 02N23052022110062022000000000000012000000000000000000000000000000000000000000000000000000000106880500900433072022 3002000090000000000 
0210001300060Q 021000040187977704JOSE VALMIR ALVES DOS SANTOS            R INACIO HIGINO 1170, T1/503            PRAIA DA COSTA 29101094VILA VELHA     ES0000000000000000                                        000                            
0210001300061P 0200274 000030248363  2230749340          11222000207282001   1007202200000000000524000000 02N24062022110072022000000000000014000000000000000000000000000000000000000000000000000000000106880500900527032022 3002000090000000000 
0210001300062Q 021000040187977704JOSE VALMIR ALVES DOS SANTOS            R INACIO HIGINO 1170, T1/503            PRAIA DA COSTA 29101094VILA VELHA     ES0000000000000000                                        000                            
0210001300063P 0200274 000030248363  2231717433          11222000216873001   1008202200000000000524000000 02N21072022110082022000000000000014000000000000000000000000000000000000000000000000000000000106880500900620522022 3002000090000000000 
0210001300064Q 021000040187977704JOSE VALMIR ALVES DOS SANTOS            R INACIO HIGINO 1170, T1/503            PRAIA DA COSTA 29101094VILA VELHA     ES0000000000000000                                        000                            
0210001300065P 0200274 000030248363  2232683133          11222000226527001   1009202200000000000524000000 02N23082022110092022000000000000014000000000000000000000000000000000000000000000000000000000106880500900714172022 3002000090000000000 
0210001300066Q 021000040187977704JOSE VALMIR ALVES DOS SANTOS            R INACIO HIGINO 1170, T1/503            PRAIA DA COSTA 29101094VILA VELHA     ES0000000000000000                                        000                            
0210001300067P 0200274 000030248363  2233663071          11222000236129001   1010202200000000000549500000 02N26092022110102022000000000000015000000000000000000000000000000000000000000000000000000000106880500900807642022 3002000090000000000 
0210001300068Q 021000040187977704JOSE VALMIR ALVES DOS SANTOS            R INACIO HIGINO 1170, T1/503            PRAIA DA COSTA 29101094VILA VELHA     ES0000000000000000                                        000                            
0210001300069P 0200274 000030248363  2236524315          11222000264816001   1001202300000000000524800000 02N21122022110012023000000000000014000000000000000000000000000000000000000000000000000000000103378300901087522022 3002000090000000000 
0210001300070Q 021000001649113161LEONARDO OLIVER SOARES PORTO            AV DES MARIO S NUNES 717, T4/805        VILAGIO LIMOEIR29164044SERRA          ES0000000000000000                                        000                            
0210001300071P 0200274 000030248363  2234949173          11222004550001      2511202200000000000840100000 02N26102022125112022000000000000022000000000000000000000000000000000000000000000000000000000103378322000022802022 3002000090000000000 
0210001300072Q 021000001649113161LEONARDO OLIVER SOARES PORTO            AV DES MARIO S NUNES 717, T4/805        VILAGIO LIMOEIR29164044SERRA          ES0000000000000000                                        000                            
0210001300073P 0200274 000030248363  2338814762          11222000287447001   1803202300000000114818500000 02N28022023118032023000000000003062000000000000000000000000000000000000000000000000000000000113702500900189672023 3002000090000000000 
0210001300074Q 022016404287046147SUZANO PAPEL E CELULOSE S.A.            ROD ARACRUZ-BARRA DO RIAC SN, KM 25     BARRA DO RIACHO29197900ARACRUZ        ES0000000000000000                                        000                            
0210001300075P 0200274 000030248363  2338790642          11222000287259001   1003202300000000000525200000 02N24022023110032023000000000000014000000000000000000000000000000000000000000000000000000000117911000900187832023 3002000090000000000 
0210001300076Q 021000011308572719LUCIO VIANA BENDEL                      RUA INACIO HIGINO, 11 1170, T2/1102     PRAIA DA COSTA 29101094VILA VELHA     ES0000000000000000                                        000                            
0210001300077P 0200274 000030248363  2236442858          11222000264002001   1001202300000000000540500000 02N21122022110012023000000000000014000000000000000000000000000000000000000000000000000000000016068300901079392022 3002000090000000000 
0210001300078Q 021000090537920153LEONARDO NELSON LUIZ MOULIN VOLPATO     R RACHEL VITALINO BRIT 110, T19/501     COND RES ARBORE29160596SERRA          ES0000000000000000                                        000                            
0210001300079P 0200274 000030248363  2236479697          11222000264364001   1001202300000000000540500000 02N21122022110012023000000000000014000000000000000000000000000000000000000000000000000000000014407600901083012022 3002000090000000000 
0210001300080Q 021000058561080787JORGE DANTAS TEIXEIRA                   R RACHEL VITALINO BRIT 110, T21/202     COND. RES. ARBO29160596SERRA          ES0000000000000000                                        000                            
0210001300081P 0200274 000030248363  2227208910          11222000171617001   1003202200000000043942000000 02N23022022110032022000000000001172000000000000000000000000000000000000000000000000000000000117387700900181032022 3002000090000000000 
0210001300082Q 022036458496000199F C DE ALMEIDA VILA PARQUE BOLICHE      RODOVIA ROD DO SOL 5000, D201           ITAPARICA      29103800VILA VELHA     ES0000000000000000                                        000                            
0210001300083P 0200274 000030248363  2228153532          11222000181109001   1004202200000000026124600000 02N23032022110042022000000000000697000000000000000000000000000000000000000000000000000000000117387700900273452022 3002000090000000000 
0210001300084Q 022036458496000199F C DE ALMEIDA VILA PARQUE BOLICHE      RODOVIA ROD DO SOL 5000, D201           ITAPARICA      29103800VILA VELHA     ES0000000000000000                                        000                            
0210001300085P 0200274 000030248363  2229095790          11222000190680001   1005202200000000037934500000 02N26042022110052022000000000001012000000000000000000000000000000000000000000000000000000000117387700900365882022 3002000090000000000 
0210001300086Q 022036458496000199F C DE ALMEIDA VILA PARQUE BOLICHE      RODOVIA ROD DO SOL 5000, D201           ITAPARICA      29103800VILA VELHA     ES0000000000000000                                        000                            
0210001300087P 0200274 000030248363  2230047400          11222000200218001   1006202200000000034290500000 02N23052022110062022000000000000914000000000000000000000000000000000000000000000000000000000117387700900458852022 3002000090000000000 
0210001300088Q 022036458496000199F C DE ALMEIDA VILA PARQUE BOLICHE      RODOVIA ROD DO SOL 5000, D201           ITAPARICA      29103800VILA VELHA     ES0000000000000000                                        000                            
0210001300089P 0200274 000030248363  2235245307          11222000251950001   2011202200000000000549500000 02N08112022120112022000000000000015000000000000000000000000000000000000000000000000000000000117434800900962302022 3002000090000000000 
0210001300090Q 021000000320202879AILTON ALVES LACERDA KRENAK             RUA DEOLINDO PERIN, 50, AP 50, 505      ITAPUA         29101811VILA VELHA     ES0000000000000000                                        000                            
0210001300091P 0200274 000030248363  2230104721          11222003223001      2506202200000000002188200000 02N26052022125062022000000000000058000000000000000000000000000000000000000000000000000000000009623422000008262022 3002000090000000000 
0210001300092Q 022009070120000130COND.DO EDIFICIO BERGAMO                R.AURORA DE AGUIAR FERREIRA 154         JARDIM CAMBURI 29090100VITORIA        ES0000000000000000                                        000                            
0210001300093P 0200274 000030248363  2234521149          11222004518001      1811202200000000003320000000 02N19102022118112022000000000000089000000000000000000000000000000000000000000000000000000000009623422000022482022 3002000090000000000 
0210001300094Q 022009070120000130COND.DO EDIFICIO BERGAMO                R.AURORA DE AGUIAR FERREIRA 154         JARDIM CAMBURI 29090100VITORIA        ES0000000000000000                                        000                            
0210001300095P 0200274 000030248363  2236451687          11222000264091001   1001202300000000000538800000 02N21122022110012023000000000000014000000000000000000000000000000000000000000000000000000000017363700901080282022 3002000090000000000 
0210001300096Q 021000008984031704WESLEY CATRINCK HASTENREITER            MARATAIZES-ED ALEGRO 250, T2/AP508      VILAGIO LARANJE29162738SERRA          ES0000000000000000                                        000                            
0210001300097P 0200274 000030248363  2236855184          11222000268129001   1001202300000000000524800000 02N21122022110012023000000000000014000000000000000000000000000000000000000000000000000000000117944900901120632022 3002000090000000000 
0210001300098Q 021000036588774800CAIO VIDOR CASSIANO                     RUA CURITIBA, 1800, AP 70 1800, 703     ITAPUA         29101566VILA VELHA     ES0000000000000000                                        000                            
0210001300099P 0200274 000030248363  2231004631          11222000209836001   1007202200000000033362300000 02N24062022110072022000000000000890000000000000000000000000000000000000000000000000000000000117387700900552552022 3002000090000000000 
0210001300100Q 022036458496000199F C DE ALMEIDA VILA PARQUE BOLICHE      RODOVIA ROD DO SOL 5000, D201           ITAPARICA      29103800VILA VELHA     ES0000000000000000                                        000                            
0210001300101P 0200274 000030248363  2231971810          11222000219412001   1008202200000000036479800000 02N21072022110082022000000000000973000000000000000000000000000000000000000000000000000000000117387700900645882022 3002000090000000000 
0210001300102Q 022036458496000199F C DE ALMEIDA VILA PARQUE BOLICHE      RODOVIA ROD DO SOL 5000, D201           ITAPARICA      29103800VILA VELHA     ES0000000000000000                                        000                            
0210001300103P 0200274 000030248363  2231424096          11222000214017006   1001202300000000019739900000 02N14072022110012023000000000000526000000000000000000000000000000000000000000000000000000000117337500900592632022 3002000090000000000 
0210001300104Q 022036458496000270F C DE ALMEIDA VILA PARQUE BOLICHE      ROD DO SOL 5000, L2001/2002             JOCKEY DE ITAPA29103800VILA VELHA     ES0000000000000000                                        000                            
0210001300105P 0200274 000030248363  2231424177          11222000214017007   0902202300000000019739900000 02N14072022109022023000000000000526000000000000000000000000000000000000000000000000000000000117337500900592632022 3002000090000000000 
0210001300106Q 022036458496000270F C DE ALMEIDA VILA PARQUE BOLICHE      ROD DO SOL 5000, L2001/2002             JOCKEY DE ITAPA29103800VILA VELHA     ES0000000000000000                                        000                            
0210001300107P 0200274 000030248363  2339186048          11222000291085001   3003202300000000007394700000 02N13032023130032023000000000000197000000000000000000000000000000000000000000000000000000000011884700900225832023 3002000090000000000 
0210001300108Q 022001350716000181COND.DAS PEDRAS-SEVILHA-IBIZA           R.DES.SAMPAIO 389                       PRAIA DO CANTO 29055250VITORIA        ES0000000000000000                                        000                            
0210001300109P 0200274 000030248363  2337841448          11222005227001      0103202300000000000840100000 02N30012023101032023000000000000022000000000000000000000000000000000000000000000000000000000101349622000002202023 3002000090000000000 
0210001300110Q 021000004579792750ANDERSON PANDOLFI                       AV DES MARIO S NUNES 717, T3/503        VIL LIMOEIRO, J29164044SERRA          ES0000000000000000                                        000                            
0210001300111P 0200274 000030248363  2337574148          11222000275279001   1002202300000000000524800000 02N23012023110022023000000000000014000000000000000000000000000000000000000000000000000000000109554300900067902023 3002000090000000000 
0210001300112Q 021000014294249668ALCEDINA GONCALVES RUY MARTINS          RUA DR JAIR DE ANDRADE 750, AP 103      ITAPUA         29101700VILA VELHA     ES0000000000000000                                        000                            
0210001300113P 0200274 000030248363  2338585984          11222000285215001   1003202300000000000693900000 02N24022023110032023000000000000019000000000000000000000000000000000000000000000000000000000111176000900167392023 3002000090000000000 
0210001300114Q 021000048891525715EULALIA ANA KLIPPEL CARVALHO            AV SAO PAULO 2202, AP 703               ITAPUA         29101502VILA VELHA     ES0000000000000000                                        000                            
0210001300115P 0200274 000030248363  2338590635          11222000285257001   1003202300000000000525300000 02N24022023110032023000000000000014000000000000000000000000000000000000000000000000000000000111266600900167812023 3002000090000000000 
0210001300116Q 021000084114886753EDMARA SEIDEL DA SILVA                  AV. SAO PAULO 2330, AP 404              ITAPUA         29101502VILA VELHA     ES0000000000000000                                        000                            
0210001300117P 0200274 000030248363  2337645770          11222000275996001   1002202300000000002746300000 02N23012023110022023000000000000073000000000000000000000000000000000000000000000000000000000112255200900075062023 3002000090000000000 
0210001300118Q 021000079101810782FERNANDO PEIXOTO SALIBA                 AV. ESTUD. JOSE JULI 1850, TA/AP401     PRAIA DE ITAPAR29102010VILA VELHA     ES0000000000000000                                        000                            
0210001300119P 0200274 000030248363  2236295537          11222000262504001   3012202200000000001013800000 02N13122022130122022000000000000027000000000000000000000000000000000000000000000000000000000117532900901065082022 3002000090000000000 
0210001300120Q 021000008691884703ESTELA MARIA REGINATTO                  RUA RUA ROMERO LOFÊGO BOT 450, 1003     PRAIA DA COSTA 29101068VILA VELHA     ES0000000000000000                                        000                            
0210001300121P 0200274 000030248363  2337047105          11222000270027001   1501202300000000000804800000 02N03012023115012023000000000000021000000000000000000000000000000000000000000000000000000000117488700900016902023 3002000090000000000 
0210001300122Q 021000001701610728ALEXANDRE FERRAZ FERNANDES              ITAQUARI 150, 2209                      ITAPUA         29101850VILA VELHA     ES0000000000000000                                        000                            
0210001300123P 0200274 000030248363  2236394608          11222000263503001   0501202300000000000756200000 02N19122022105012023000000000000020000000000000000000000000000000000000000000000000000000000114633400901074562022 3002000090000000000 
0210001300124Q 021000004367435741MONICA HINTZ DAMASCENO FREIRE           R. ANICETO FRIZZERA FILH 28, AP 502     PRAIA DE ITAPAR29102070VILA VELHA     ES0000000000000000                                        000                            
0210001300125P 0200274 000030248363  2236333056          11222000262886001   0501202300000000000539700000 02N19122022105012023000000000000014000000000000000000000000000000000000000000000000000000000019214300901068392022 3002000090000000000 
0210001300126Q 021000034265414753JOAO CHECON NETO                        AV DES  MARIO S NUNES 717, T6/407       JD LIMOEIRO    29164044SERRA          ES0000000000000000                                        000                            
0210001300127P 0200274 000030248363  2235909752          11222004785001      2512202200000000000840100000 02N25112022125122022000000000000022000000000000000000000000000000000000000000000000000000000117632522000025152022 3002000090000000000 
0210001300128Q 021000059181621272JUSCILENE VASQUES DA COSTA              AVENIDA SÃO PAULO, 2330, 2330, 102      ITAPUA         29101502VILA VELHA     ES0000000000000000                                        000                            
0210001300129P 0200274 000030248363  2236780400          11222000267382001   1001202300000000000828400000 02N21122022110012023000000000000022000000000000000000000000000000000000000000000000000000000117347800901113162022 3002000090000000000 
0210001300130Q 021000009023923790SANDRO DA SILVA NASCIMENTO              AV ANTONIO DE ALMEIDA F 13, T2/1403     PRAIA DE ITAPAR29102265VILA VELHA     ES0000000000000000                                        000                            
0210001300131P 0200274 000030248363  2236292864          11222000262478001   3012202200000000000538000000 02N13122022130122022000000000000014000000000000000000000000000000000000000000000000000000000117254300901064822022 3002000090000000000 
0210001300132Q 021000003357028565JOANA D'ARC DA SILVA                    AVENIDA ELDES SCHER 2286, BL4/AP902     COLINA DE LARAN29167080SERRA          ES0000000000000000                                        000                            
0210001300133P 0200274 000030248363  2236049412          11222000260050001   1512202200000000000549500000 02N05122022115122022000000000000015000000000000000000000000000000000000000000000000000000000115057000901041102022 3002000090000000000 
0210001300134Q 021000095102345087DIEGO FERNANDES                         R JOSEPH ZOGAIB 258, AP 1501            PRAIA DA COSTA 29101270VILA VELHA     ES0000000000000000                                        000                            
0210001300135P 0200274 000030248363  2236183909          11222000261418001   2012202200000000000549500000 02N07122022120122022000000000000015000000000000000000000000000000000000000000000000000000000113134000901054652022 3002000090000000000 
0210001300136Q 021000010798158646AUGUSTO PESSOTTI SIQUEIRA               ED. SMART RESIDENCE 170, AP 1208        ITAPARICA      29102170VILA VELHA     ES0000000000000000                                        000                            
0210001300137P 0200274 000030248363  2236374240          11222000263296001   0501202300000000001095000000 02N19122022105012023000000000000029000000000000000000000000000000000000000000000000000000000111777000901072492022 3002000090000000000 
0210001300138Q 021000001429316756RICARDO LUIZ ALVARO MANFREDO            AV. ESTUD JOSE JULIO D 1560, AP 303     PRAIA DE ITAPAR29102010VILA VELHA     ES0000000000000000                                        000                            
0210001300139P 0200274 000030248363  2236362900          11222000263194001   0501202300000000001394100000 02N19122022105012023000000000000037000000000000000000000000000000000000000000000000000000000109981100901071472022 3002000090000000000 
0210001300140Q 021000001987419790ANTONIO HENRIQUE DOS REIS PENA          AV NORTE SUL 4905, T3/AP101             SANTA LUZIA    29165752SERRA          ES0000000000000000                                        000                            
0210001300141P 0200274 000030248363  2231071665          11222003476001      3007202200000000000840100000 02N30062022130072022000000000000022000000000000000000000000000000000000000000000000000000000107190022000011372022 3002000090000000000 
0210001300142Q 021000005503608755RAFAEL DIAS NASCIMENTO                  R INACIO HIGINO 1170, 2/906             PRAIA DA COSTA 29101094VILA VELHA     ES0000000000000000                                        000                            
0210001300143P 0200274 000030248363  2236663943          11222000266213001   1001202300000000000853800000 02N21122022110012023000000000000023000000000000000000000000000000000000000000000000000000000112016700901101482022 3002000090000000000 
0210001300144Q 021000007320769786ANA PAULA EMENES DE FARIA               R. ITAPEMIRIM 45, T2/AP802              PRAIA DE ITAPAR29102090VILA VELHA     ES0000000000000000                                        000                            
0210001300145P 0200274 000030248363  2232308715          11222000222777001   2008202200000000000741100000 02N04082022120082022000000000000020000000000000000000000000000000000000000000000000000000000110736300900678342022 3002000090000000000 
0210001300146Q 021000002770771760RODRIGO SCHIAVINO COSSATI               AV ESTUDANTE JOSE JULIO 980, AP 903     PRAIA DE ITAPAR29102010VILA VELHA     ES0000000000000000                                        000                            
0210001300147P 0200274 000030248363  2336974207          11222000269286001   1501202300000000001068900000 02N03012023115012023000000000000029000000000000000000000000000000000000000000000000000000000110063100900009492023 3002000090000000000 
0210001300148Q 021000033027854704PAULO CESAR GOMES                       R LUIZ FERNANDO REIS 111, AP 902        PRAIA DA COSTA 29101120VILA VELHA     ES0000000000000000                                        000                            
0210001300149P 0200274 000030248363  2336916347          11222000268705001   1501202300000000005173000000 02N03012023115012023000000000000138000000000000000000000000000000000000000000000000000000000010396300900003692023 3002000090000000000 
0210001300150Q 022004519027000146COND. DO ED. LYON                       R. CARLOS MARTINS 915                   JARDIM CAMBURI 29090060VITORIA        ES0000000000000000                                        000                            
0210001300151P 0200274 000030248363  2234768039          11222000246971001   1011202200000000000549500000 02N24102022110112022000000000000015000000000000000000000000000000000000000000000000000000000112100500900913722022 3002000090000000000 
0210001300152Q 021000076538710387CHRISTINA GONDIM DA NOBREGA             R. ITABORAI 158, AP 903                 PRAIA DE ITAPAR29102195VILA VELHA     ES0000000000000000                                        000                            
0210001300153P 0200274 000030248363  2236353081          11222000263085001   0501202300000000001314200000 02N19122022105012023000000000000035000000000000000000000000000000000000000000000000000000000107190000901070382022 3002000090000000000 
0210001300154Q 021000005503608755RAFAEL DIAS NASCIMENTO                  R INACIO HIGINO 1170, 2/906             PRAIA DA COSTA 29101094VILA VELHA     ES0000000000000000                                        000                            
0210001300155P 0200274 000030248363  2337248852          11222000271984001   3001202300000000000764300000 02N13012023130012023000000000000020000000000000000000000000000000000000000000000000000000000100041600900035722023 3002000090000000000 
0210001300156Q 021000011871827701DIEGO FRANCISCO ALBERTO                 R RACHEL VITALINO BRIT 110, T17/303      COND RES ARBOR29160596SERRA          ES0000000000000000                                        000                            
0210001300157P 0200274 000030248363  2338222083          11222000281591001   2802202300000000000840100000 02N13022023128022023000000000000022000000000000000000000000000000000000000000000000000000000100041600900131332023 3002000090000000000 
0210001300158Q 021000011871827701DIEGO FRANCISCO ALBERTO                 R RACHEL VITALINO BRIT 110, T17/303      COND RES ARBOR29160596SERRA          ES0000000000000000                                        000                            
0210001300159P 0200274 000030248363  2339190070          11222000291125001   3003202300000000000525100000 02N13032023130032023000000000000014000000000000000000000000000000000000000000000000000000000100041600900226232023 3002000090000000000 
0210001300160Q 021000011871827701DIEGO FRANCISCO ALBERTO                 R RACHEL VITALINO BRIT 110, T17/303      COND RES ARBOR29160596SERRA          ES0000000000000000                                        000                            
0210001300161P 0200274 000030248363  2339222885          11222000291434001   2103202300000007039182500000 02N16032023121032023000000000187712000000000000000000000000000000000000000000000000000000000000987500900229242023 3002000090000000000 
0210001300162Q 022016628281000676SAMARCO MIN.S/A.                        TERM. DE PONTA DO UBU- ROD DO S S/N     UBU            29230000ANCHIETA       ES0000000000000000                                        000                            
0210001300163P 0200274 000030248363  2339222702          11222000291433001   2103202300000005037725000000 02N16032023121032023000000000134339000000000000000000000000000000000000000000000000000000000000987500900229232023 3002000090000000000 
0210001300164Q 022016628281000676SAMARCO MIN.S/A.                        TERM. DE PONTA DO UBU- ROD DO S S/N     UBU            29230000ANCHIETA       ES0000000000000000                                        000                            
0210001300165P 0200274 000030248363  2339222613          11222000291432001   2103202300000077639353000000 02N16032023121032023000000002070383000000000000000000000000000000000000000000000000000000000000987500900229222023 3002000090000000000 
0210001300166Q 022016628281000676SAMARCO MIN.S/A.                        TERM. DE PONTA DO UBU- ROD DO S S/N     UBU            29230000ANCHIETA       ES0000000000000000                                        000                            
0210001300167P 0200274 000030248363  2338379225          11222000283146001   2602202300000001767681400000 02N16022023126022023000000000047138000000000000000000000000000000000000000000000000000000000013080300900146832023 3002000090000000000 
0210001300168Q 022010885321000174WEG LINHARES EQUIP.ELETRICOS LTDA       ROD.BR 101 S/N, KM 161,5                RIO QUARTEL DE 29915500LINHARES       ES0000000000000000                                        000                            
0210001300169P 0200274 000030248363  2338823168          11222000287523001   1103202300000001144248800000 02N01032023111032023000000000030513000000000000000000000000000000000000000000000000000000000013080300900190302023 3002000090000000000 
0210001300170Q 022010885321000174WEG LINHARES EQUIP.ELETRICOS LTDA       ROD.BR 101 S/N, KM 161,5                RIO QUARTEL DE 29915500LINHARES       ES0000000000000000                                        000                            
0210001300171P 0200274 000030248363  2236349483          11222000263048001   0501202300000000000549500000 02N19122022105012023000000000000015000000000000000000000000000000000000000000000000000000000105048300901070012022 3002000090000000000 
0210001300172Q 021000012105470742FREDERICO JACOBSEN GARCIA DUARTE        AV DES M SILVA NUNES 717, T3/1004       JD LIMOEIRO    29164044SERRA          ES0000000000000000                                        000                            
0210001300173P 0200274 000030248363  2338670078          11222000286053001   1003202300000000000525300000 02N24022023110032023000000000000014000000000000000000000000000000000000000000000000000000000114673500900175772023 3002000090000000000 
0210001300174Q 021000074288741734MONICA CUNHA CASTELLO PEREIRA           R. IBITIRAMA 75, AP 1002                PRAIA DE ITAPAR29102130VILA VELHA     ES0000000000000000                                        000                            
0210001300175P 0200274 000030248363  2338954009          11222000288840001   1503202300000000000890200000 02N02032023115032023000000000000024000000000000000000000000000000000000000000000000000000000115165300900203512023 3002000090000000000 
0210001300176Q 021000007349867697JACKSON OLIVEIRA DA CRUZ JUNIOR         R GOIANIA 234, AP 1206                  ITAPUA         29101780VILA VELHA     ES0000000000000000                                        000                            
0210001300177P 0200274 000030248363  2339045819          11222000289751001   1503202300000000000538600000 02N02032023115032023000000000000014000000000000000000000000000000000000000000000000000000000115165300900212622023 3002000090000000000 
0210001300178Q 021000007349867697JACKSON OLIVEIRA DA CRUZ JUNIOR         R GOIANIA 234, AP 1206                  ITAPUA         29101780VILA VELHA     ES0000000000000000                                        000                            
0210001300179P 0200274 000030248363  2235780962          11222000257322001   1012202200000000000549500000 02N23112022110122022000000000000015000000000000000000000000000000000000000000000000000000000114942000901014752022 3002000090000000000 
0210001300180Q 021000014755932793ELBER PONCIO                            R LUDWIK MACAL 1199, AP 201             MATA DA PRAIA  29060030VITORIA        ES0000000000000000                                        000                            
0210001300181P 0200274 000030248363  2234522200          11222004529001      1811202200000000000840100000 02N19102022118112022000000000000022000000000000000000000000000000000000000000000000000000000114265722000022592022 3002000090000000000 
0210001300182Q 021000028565780805LEANDRO HORTENCIO MATTAR                R. ROMERO LOFEGO BOTELH 450, AP 803     PRAIA DA COSTA 29101068VILA VELHA     ES0000000000000000                                        000                            
0210001300183P 0200274 000030248363  2236239114          11222000261966001   2512202200000000001095000000 02N08122022125122022000000000000029000000000000000000000000000000000000000000000000000000000114265700901060032022 3002000090000000000 
0210001300184Q 021000028565780805LEANDRO HORTENCIO MATTAR                R. ROMERO LOFEGO BOTELH 450, AP 803     PRAIA DA COSTA 29101068VILA VELHA     ES0000000000000000                                        000                            
0210001300185P 0200274 000030248363  2236233779          11222000261918001   2512202200000000000549500000 02N08122022125122022000000000000015000000000000000000000000000000000000000000000000000000000112268400901059552022 3002000090000000000 
0210001300186Q 021000057494894772MARIA DO CARMO GONCALVES                AV. DES. MARIO DA SIL 717, T2/AP607     JARDIM LIMOEIRO29164044SERRA          ES0000000000000000                                        000                            
0210001300187P 0200274 000030248363  2236233426          11222000261917001   2512202200000000001752700000 02N08122022125122022000000000000047000000000000000000000000000000000000000000000000000000000112233600901059542022 3002000090000000000 
0210001300188Q 021000008770874743TATIANA EMENES DE FARIA                 R. ITAPEMIRIM 45, T1/AP903              PRAIA DE ITAPAR29102090VILA VELHA     ES0000000000000000                                        000                            
0210001300189P 0200274 000030248363  2227242426          11222000171964001   1003202200000000000400500000 02N23022022110032022000000000000011000000000000000000000000000000000000000000000000000000000112185600900184492022 3002000090000000000 
0210001300190Q 021000015325652168MARIA CLARA MICAS RIBEIRO               AV. SAO PAULO 2760, AP 401              ITAPUA         29101502VILA VELHA     ES0000000000000000                                        000                            
0210001300191P 0200274 000030248363  2232971600          11222000229408001   1009202200000000000524000000 02N23082022110092022000000000000014000000000000000000000000000000000000000000000000000000000112185600900742962022 3002000090000000000 
0210001300192Q 021000015325652168MARIA CLARA MICAS RIBEIRO               AV. SAO PAULO 2760, AP 401              ITAPUA         29101502VILA VELHA     ES0000000000000000                                        000                            
0210001300193P 0200274 000030248363  2236243065          11222000262010001   2512202200000000000538800000 02N08122022125122022000000000000014000000000000000000000000000000000000000000000000000000000111564200901060472022 3002000090000000000 
0210001300194Q 021000037036661704LINDONEIA BRANDAO DA SILVA              R. MARATAIZES 250, T6/906               PLANALTO DE CAR29162738SERRA          ES0000000000000000                                        000                            
0210001300195P 0200274 000030248363  2235683258          11222000256342001   1012202200000000000549500000 02N23112022110122022000000000000015000000000000000000000000000000000000000000000000000000000110961500901004962022 3002000090000000000 
0210001300196Q 021000057679223734ANTONIO FERNANDO SANDOVAL CHIAPPANE     R GOIAS 18, AP 601                      ITAPUA         29101580VILA VELHA     ES0000000000000000                                        000                            
0210001300197P 0200274 000030248363  2236636890          11222000265941001   1001202300000000000549500000 02N21122022110012023000000000000015000000000000000000000000000000000000000000000000000000000110961500901098772022 3002000090000000000 
0210001300198Q 021000057679223734ANTONIO FERNANDO SANDOVAL CHIAPPANE     R GOIAS 18, AP 601                      ITAPUA         29101580VILA VELHA     ES0000000000000000                                        000                            
0210001300199P 0200274 000030248363  2235664385          11222000256165001   1012202200000000000549500000 02N23112022110122022000000000000015000000000000000000000000000000000000000000000000000000000109608300901003202022 3002000090000000000 
0210001300200Q 021000004401678761MARIA MONICA SALES                      AV ELDES SCHERRER SO 2286, TB/AP303     COLINA DE LARAN29167080SERRA          ES0000000000000000                                        000                            
0210001300201P 0200274 000030248363  2339099234          11222000290286001   2003202300000000000528400000 02N03032023120032023000000000000014000000000000000000000000000000000000000000000000000000000115536700900217952023 3002000090000000000 
0210001300202Q 021000000807447706LUCIANA ALVARENGA DE SOUZA SANTOS       AV CONSTRUTOR DAVID TEIXEI 720, 202     MATA DA PRAIA  29065320VITORIA        ES0000000000000000                                        000                            
0210001300203P 0200274 000030248363  2339171601          11222000290964001   1303202300000000074177500000 02N08032023113032023000000000001978000000000000000000000000000000000000000000000000000000000000987500900224652023 3002000090000000000 
0210001300204Q 022016628281000676SAMARCO MIN.S/A.                        TERM. DE PONTA DO UBU- ROD DO S S/N     UBU            29230000ANCHIETA       ES0000000000000000                                        000                            
0210001300205P 0200274 000030248363  2339171520          11222000290963001   1303202300000049607586000000 02N08032023113032023000000001322869000000000000000000000000000000000000000000000000000000000000987500900224642023 3002000090000000000 
0210001300206Q 022016628281000676SAMARCO MIN.S/A.                        TERM. DE PONTA DO UBU- ROD DO S S/N     UBU            29230000ANCHIETA       ES0000000000000000                                        000                            
0210001300207P 0200274 000030248363  2338822005          11222000287512001   1103202300000001948239600000 02N01032023111032023000000000051953000000000000000000000000000000000000000000000000000000000117693700900190242023 3002000090000000000 
0210001300208Q 022004954351000354SUBSEA 7 DO BRASIL SERVICOS LTDA        RODOVIA DO SOL S/N                      PONTA DE UBU   29230000ANCHIETA       ES0000000000000000                                        000                            
0210001300209P 0200274 000030248363  2339174112          11222000290974001   1303202300000000012160000000 02N10032023113032023000000000000324000000000000000000000000000000000000000000000000000000000118074000900224742023 3002000090000000000 
0210001300210Q 022048950438000167RESTAURANTE E CHURRASCARIA TRUISTI      RUA BELMIRO BRAVIN, 50, CENTR 50, 0     CENTRO         29930150SAO MATEUS     ES0000000000000000                                        000                            
0210001300211P 0200274 000030248363  2339174201          11222000290975001   1303202300000000012857100000 02N10032023113032023000000000000343000000000000000000000000000000000000000000000000000000000118074000900224752023 3002000090000000000 
0210001300212Q 022048950438000167RESTAURANTE E CHURRASCARIA TRUISTI      RUA BELMIRO BRAVIN, 50, CENTR 50, 0     CENTRO         29930150SAO MATEUS     ES0000000000000000                                        000                            
0210001300213P 0200274 000030248363  2338826779          11222000287559001   1103202300000055820040400000 02N01032023111032023000000001488535000000000000000000000000000000000000000000000000000000000010278700900190752023 3002000090000000000 
0210001300214Q 022017469701010482ARCELORMITTAL BRASIL S.A.               AV. BRIGADEIRO EDUARDO GOMES 526        POLO INDUSTRIAL29160904SERRA          ES0000000000000000                                        000                            
0210001300215P 0200274 000030248363  2236584725          11222000265420001   1001202300000000000560000000 02N21122022110012023000000000000015000000000000000000000000000000000000000000000000000000000108248000901093562022 3002000090000000000 
0210001300216Q 021000006575953654THIAGO BRUNO SILVA                      ROD NORTE SUL 4905, T2/AP804            SANTA LUZIA    29165752SERRA          ES0000000000000000                                        000                            
0210001300217P 0200274 000030248363  2338206045          11222005327001      1203202300000000001196600000 02N10022023112032023000000000000032000000000000000000000000000000000000000000000000000000000108062122000003792023 3002000090000000000 
0210001300218Q 022024453082000198CONDOMINIO PARQUE FRAGATA               R DOM PEDRO II 155                      COLINA DE LARAN29167168SERRA          ES0000000000000000                                        000                            
0210001300219P 0200274 000030248363  2338206126          11222005328001      1203202300000000000439500000 02N10022023112032023000000000000012000000000000000000000000000000000000000000000000000000000108062122000003802023 3002000090000000000 
0210001300220Q 022024453082000198CONDOMINIO PARQUE FRAGATA               R DOM PEDRO II 155                      COLINA DE LARAN29167168SERRA          ES0000000000000000                                        000                            
0210001300221P 0200274 000030248363  2337539156          11222000274923001   1002202300000000001552700000 02N23012023110022023000000000000041000000000000000000000000000000000000000000000000000000000107636400900064342023 3002000090000000000 
0210001300222Q 021000004910761772JOSE CARLOS BRANDAO                     R LUCIO BACELAR 171, T2/AP.204          COND. ED MARINE29101030VILA VELHA     ES0000000000000000                                        000                            
0210001300223P 0200274 000030248363  2338511514          11222000284472001   1003202300000000000524800000 02N24022023110032023000000000000014000000000000000000000000000000000000000000000000000000000107636400900159962023 3002000090000000000 
0210001300224Q 021000004910761772JOSE CARLOS BRANDAO                     R LUCIO BACELAR 171, T2/AP.204          COND. ED MARINE29101030VILA VELHA     ES0000000000000000                                        000                            
0210001300225P 0200274 000030248363  2337181502          11222005072001      0802202300000000000840100000 02N09012023108022023000000000000022000000000000000000000000000000000000000000000000000000000107636422000000652023 3002000090000000000 
0210001300226Q 021000004910761772JOSE CARLOS BRANDAO                     R LUCIO BACELAR 171, T2/AP.204          COND. ED MARINE29101030VILA VELHA     ES0000000000000000                                        000                            
0210001300227P 0200274 000030248363  2338206398          11222005330001      1203202300000000006030600000 02N10022023112032023000000000000161000000000000000000000000000000000000000000000000000000000014791822000003822023 3002000090000000000 
0210001300228Q 022027836329000143FUNDACAO BENEFICENTE RIO DOCE           AV. JOAO FELIPE CALMON 1245             CENTRO         29900010LINHARES       ES0000000000000000                                        000                            
0210001300229P 0200274 000030248363  2338206207          11222005329001      1203202300000000001700100000 02N10022023112032023000000000000045000000000000000000000000000000000000000000000000000000000014791822000003812023 3002000090000000000 
0210001300230Q 022027836329000143FUNDACAO BENEFICENTE RIO DOCE           AV. JOAO FELIPE CALMON 1245             CENTRO         29900010LINHARES       ES0000000000000000                                        000                            
0210001300231P 0200274 000030248363  2236411545          11222000263671001   0501202300000000000532200000 02N19122022105012023000000000000014000000000000000000000000000000000000000000000000000000000117358800901076232022 3002000090000000000 
0210001300232Q 021000097228389034SILAS DA MOTTA  KULZER                  AVENIDA ESTUDANTE JOSE JU 3120, 101     PRAIA DE ITAPAR29102010VILA VELHA     ES0000000000000000                                        000                            
0210001300233P 0200274 000030248363  2337319113          11222000272704001   0502202300000000000539700000 02N18012023105022023000000000000014000000000000000000000000000000000000000000000000000000000105048300900042542023 3002000090000000000 
0210001300234Q 021000012105470742FREDERICO JACOBSEN GARCIA DUARTE        AV DES M SILVA NUNES 717, T3/1004       JD LIMOEIRO    29164044SERRA          ES0000000000000000                                        000                            
0210001300235P 0200274 000030248363  2338286642          11222000282217001   0503202300000000000524800000 02N15022023105032023000000000000014000000000000000000000000000000000000000000000000000000000105048300900137552023 3002000090000000000 
0210001300236Q 021000012105470742FREDERICO JACOBSEN GARCIA DUARTE        AV DES M SILVA NUNES 717, T3/1004       JD LIMOEIRO    29164044SERRA          ES0000000000000000                                        000                            
0210001300237P 0200274 000030248363  2338206630          11222005333001      1203202300000000000840100000 02N10022023112032023000000000000022000000000000000000000000000000000000000000000000000000000118055122000003852023 3002000090000000000 
0210001300238Q 021000090375440704JOSE MARIA ALVARENGA                    RUA GOIANIA, 234, AP 904, 234, 904      ITAPUA         29101780VILA VELHA     ES0000000000000000                                        000                            
0210001300239P 0200274 000030248363  2236238304          11222000261961001   2512202200000000001204700000 02N08122022125122022000000000000032000000000000000000000000000000000000000000000000000000000113764500901059982022 3002000090000000000 
0210001300240Q 021000089773977749DILMAR ANTONIO SIMONETTI                AV. ESTUD JOSE JULIO D 2800, AP 602     PRAIA DE ITAPAR29102010VILA VELHA     ES0000000000000000                                        000                            
0210001300241P 0200274 000030248363  2236719329          11222000266767001   1001202300000000000612200000 02N21122022110012023000000000000016000000000000000000000000000000000000000000000000000000000113736100901107022022 3002000090000000000 
0210001300242Q 021000003200463708FERNANDO JOSE DA SILVA FREIRE           AV DES. MARIO DA SI 717, T03/AP1102     JARDIM LIMOEIRO29164044SERRA          ES0000000000000000                                        000                            
0210001300243P 0200274 000030248363  2236599676          11222000265575001   1001202300000000000535600000 02N21122022110012023000000000000014000000000000000000000000000000000000000000000000000000000109420600901095112022 3002000090000000000 
0210001300244Q 021000031785700715SERGIO DARIO MACHADO                    R ROMERO LOFEGO BOTELHO 370, AP 702     PRAIA DA COSTA 29101063VILA VELHA     ES0000000000000000                                        000                            
0210001300245P 0200274 000030248363  2236185359          11222000261420001   2012202200000000000549500000 02N07122022120122022000000000000015000000000000000000000000000000000000000000000000000000000113283400901054672022 3002000090000000000 
0210001300246Q 021000003085967737NILDA RUY DALLA                         R. SAO PAULO 2255, AP 1002              PRAIA DA COSTA 29101308VILA VELHA     ES0000000000000000                                        000                            
0210001300247P 0200274 000030248363  2232314014          11222000222828001   2008202200000000000524000000 02N04082022120082022000000000000014000000000000000000000000000000000000000000000000000000000112741200900678852022 3002000090000000000 
0210001300248Q 021000081275870791MARIA CRISTINA JANTORNO SANTOS          R. DESEMB. AUGUSTO BOT 830, AP 1302     PRAIA DA COSTA 29101110VILA VELHA     ES0000000000000000                                        000                            
0210001300249P 0200274 000030248363  2236183143          11222000261403001   2012202200000000001040200000 02N07122022120122022000000000000028000000000000000000000000000000000000000000000000000000000112741200901054502022 3002000090000000000 
0210001300250Q 021000081275870791MARIA CRISTINA JANTORNO SANTOS          R. DESEMB. AUGUSTO BOT 830, AP 1302     PRAIA DA COSTA 29101110VILA VELHA     ES0000000000000000                                        000                            
0210001300251P 0200274 000030248363  2236656491          11222000266139001   1001202300000000000549500000 02N21122022110012023000000000000015000000000000000000000000000000000000000000000000000000000111649300901100742022 3002000090000000000 
0210001300252Q 021000001532071752VIRGINIA MARIA CASSUNDE LIBERATO MA     R. FRANCISCO EUGENIO MUS 152, AP102     JARDIM DA PENHA29060290VITORIA        ES0000000000000000                                        000                            
0210001300253P 0200274 000030248363  2337606104          11222000275603001   1002202300000000000524800000 02N23012023110022023000000000000014000000000000000000000000000000000000000000000000000000000110025900900071132023 3002000090000000000 
0210001300254Q 021000004649332699JOANA DARC PEREIRA                      R LUCIO BACELAR 100, AP 601             PRAIA DA COSTA 29101035VILA VELHA     ES0000000000000000                                        000                            
0210001300255P 0200274 000030248363  2338579313          11222000285144001   1003202300000000000525200000 02N24022023110032023000000000000014000000000000000000000000000000000000000000000000000000000110025900900166682023 3002000090000000000 
0210001300256Q 021000004649332699JOANA DARC PEREIRA                      R LUCIO BACELAR 100, AP 601             PRAIA DA COSTA 29101035VILA VELHA     ES0000000000000000                                        000                            
0210001300257P 0200274 000030248363  2236636970          11222000265942001   1001202300000000000537200000 02N21122022110012023000000000000014000000000000000000000000000000000000000000000000000000000110025900901098782022 3002000090000000000 
0210001300258Q 021000004649332699JOANA DARC PEREIRA                      R LUCIO BACELAR 100, AP 601             PRAIA DA COSTA 29101035VILA VELHA     ES0000000000000000                                        000                            
0210001300259P 0200274 000030248363  2336952220          11222000269072001   1501202300000000000539700000 02N03012023115012023000000000000014000000000000000000000000000000000000000000000000000000000106598800900007352023 3002000090000000000 
0210001300260Q 021000008625264778EMERSON CHIEPPE                         AV DES MARIO S NUNES 717, T2/304        JD LIMOEIRO    29164044SERRA          ES0000000000000000                                        000                            
0210001300261P 0200274 000030248363  2337503801          11222000274567001   1002202300000000000524800000 02N23012023110022023000000000000014000000000000000000000000000000000000000000000000000000000104569000900060782023 3002000090000000000 
0210001300262Q 021000010932212751THIAGO COSTA BARBOSA                    AV DES MARIO S NUNES 717, T3/105        JD LIMOEIRO    29164044SERRA          ES0000000000000000                                        000                            
0210001300263P 0200274 000030248363  2338477405          11222000284120001   1003202300000000000525200000 02N24022023110032023000000000000014000000000000000000000000000000000000000000000000000000000104569000900156442023 3002000090000000000 
0210001300264Q 021000010932212751THIAGO COSTA BARBOSA                    AV DES MARIO S NUNES 717, T3/105        JD LIMOEIRO    29164044SERRA          ES0000000000000000                                        000                            
0210001300265P 0200274 000030248363  2236534388          11222000264905001   1001202300000000000539700000 02N21122022110012023000000000000014000000000000000000000000000000000000000000000000000000000104569000901088412022 3002000090000000000 
0210001300266Q 021000010932212751THIAGO COSTA BARBOSA                    AV DES MARIO S NUNES 717, T3/105        JD LIMOEIRO    29164044SERRA          ES0000000000000000                                        000                            
0210001300267P 0200274 000030248363  2236332670          11222000262882001   0501202300000000000549500000 02N19122022105012023000000000000015000000000000000000000000000000000000000000000000000000000019004800901068352022 3002000090000000000 
0210001300268Q 021000007559383726MICHELLE TRANCHO DA SILVA               R MARATAIZES ED VITORIA 250, T9/705     VILAGIO LARANJE29162738SERRA          ES0000000000000000                                        000                            
0210001300269P 0200274 000030248363  2236179707          11222000261367001   2012202200000000000549500000 02N07122022120122022000000000000015000000000000000000000000000000000000000000000000000000000014920100901054142022 3002000090000000000 
0210001300270Q 021000010271169737BRUNA MONTEIRO LEITE                    AV DES. MARIO DA SILV 717, T6/AP204     JARDIM LIMOEIRO29164044SERRA          ES0000000000000000                                        000                            
0210001300271P 0200274 000030248363  2338097831          11222000280421001   2002202300000000000525700000 02N06022023120022023000000000000014000000000000000000000000000000000000000000000000000000000014192800900119802023 3002000090000000000 
0210001300272Q 021000089371674768SUEDIA ROCHA ANDREATTI                  R RACHEL VITALINO BRIT 110, T19/201     COND. RES. ARBO29160596SERRA          ES0000000000000000                                        000                            
0210001300273P 0200274 000030248363  2236157304          11222000261144001   2012202200000000000524800000 02N07122022120122022000000000000014000000000000000000000000000000000000000000000000000000000014192800901051912022 3002000090000000000 
0210001300274Q 021000089371674768SUEDIA ROCHA ANDREATTI                  R RACHEL VITALINO BRIT 110, T19/201     COND. RES. ARBO29160596SERRA          ES0000000000000000                                        000                            
0210001300275P 0200274 000030248363  2231415852          11222003496001      0508202200000000000439500000 02N06072022105082022000000000000012000000000000000000000000000000000000000000000000000000000014094622000011572022 3002000090000000000 
0210001300276Q 022036010262000184CONDOMINIO DO EDIFICIO MARIANA          R. MARIA ELEONORA PEREIRA 230           JARDIM DA PENHA29060180VITORIA        ES0000000000000000                                        000                            
0210001300277P 0200274 000030248363  2234569184          11222000245178001   1011202200000000001307400000 02N24102022110112022000000000000035000000000000000000000000000000000000000000000000000000000014094600900895802022 3002000090000000000 
0210001300278Q 022036010262000184CONDOMINIO DO EDIFICIO MARIANA          R. MARIA ELEONORA PEREIRA 230           JARDIM DA PENHA29060180VITORIA        ES0000000000000000                                        000                            
0210001300279P 0200274 000030248363  2236128479          11222000260842001   1512202200000000000538800000 02N05122022115122022000000000000014000000000000000000000000000000000000000000000000000000000117881800901049022022 3002000090000000000 
0210001300280Q 021000081850425787VALDEMIR ALVES DE OLIVEIRA              RUA MARATAIZES, 250, BL 7 250, 1208     PLANALTO DE CAR29162738SERRA          ES0000000000000000                                        000                            
0210001300281P 0200274 000030248363  2236246595          11222000262050001   2512202200000000000555700000 02N08122022125122022000000000000015000000000000000000000000000000000000000000000000000000000117475200901060872022 3002000090000000000 
0210001300282Q 021000005774436748ROSAN NUNES RODRIGUES                   RUA ITAQUARI 150, APT 712               ITAPUA         29101850VILA VELHA     ES0000000000000000                                        000                            
0210001300283P 0200274 000030248363  2236769938          11222000267281001   1001202300000000002081600000 02N21122022110012023000000000000056000000000000000000000000000000000000000000000000000000000117262300901112162022 3002000090000000000 
0210001300284Q 022037844139000121BONATES E MIGLIORI COMERCIO E SERVI     RUA CARLOS MOREIRA LIM 481, LOJA 08     BENTO FERREIRA 29050652VITORIA        ES0000000000000000                                        000                            
0210001300285P 0200274 000030248363  2236287003          11222000262419001   3012202200000000000572100000 02N13122022130122022000000000000015000000000000000000000000000000000000000000000000000000000112622600901064232022 3002000090000000000 
0210001300286Q 021000057086532720JOSE CARLOS PIMENTEL CASTELLO           AV. ELDES SCHERRER S 2286, TD/AP904     COLINA DE LARAN29167080SERRA          ES0000000000000000                                        000                            
0210001300287P 0200274 000030248363  2234336910          11222004446001      1011202200000000000840100000 02N11102022110112022000000000000022000000000000000000000000000000000000000000000000000000000112100522000021762022 3002000090000000000 
0210001300288Q 021000076538710387CHRISTINA GONDIM DA NOBREGA             R. ITABORAI 158, AP 903                 PRAIA DE ITAPAR29102195VILA VELHA     ES0000000000000000                                        000                            
0210001300289P 0200274 000030248363  2236636628          11222000265939001   1001202300000000000549500000 02N21122022110012023000000000000015000000000000000000000000000000000000000000000000000000000110967800901098752022 3002000090000000000 
0210001300290Q 021000026023440797MARIA DA PENHA LIMA                     R GOIAS 18, AP 501                      ITAPUA         29101580VILA VELHA     ES0000000000000000                                        000                            
0210001300291P 0200274 000030248363  2337582329          11222000275361001   1002202300000000000524800000 02N23012023110022023000000000000014000000000000000000000000000000000000000000000000000000000110021800900068722023 3002000090000000000 
0210001300292Q 021000078056829768MARTA LISBOA DOS SANTOS                 AV DES MARIO DA SILVA 717, T2/AP406     JARDIM LIMOEIRO29164044SERRA          ES0000000000000000                                        000                            
0210001300293P 0200274 000030248363  2235657761          11222000256099001   1012202200000000000549500000 02N23112022110122022000000000000015000000000000000000000000000000000000000000000000000000000110021800901002542022 3002000090000000000 
0210001300294Q 021000078056829768MARTA LISBOA DOS SANTOS                 AV DES MARIO DA SILVA 717, T2/AP406     JARDIM LIMOEIRO29164044SERRA          ES0000000000000000                                        000                            
0210001300295P 0200274 000030248363  2236612605          11222000265701001   1001202300000000000539700000 02N21122022110012023000000000000014000000000000000000000000000000000000000000000000000000000110021800901096372022 3002000090000000000 
0210001300296Q 021000078056829768MARTA LISBOA DOS SANTOS                 AV DES MARIO DA SILVA 717, T2/AP406     JARDIM LIMOEIRO29164044SERRA          ES0000000000000000                                        000                            
0210001300297P 0200274 000030248363  2236175558          11222000261327001   2012202200000000000549500000 02N07122022120122022000000000000015000000000000000000000000000000000000000000000000000000000109645200901053742022 3002000090000000000 
0210001300298Q 021000007806378600DANIEL KRETTLI PEREIRA                  R RACHEL VITALINO DE B 110, T15/402     HELIO FERRAZ   29160596SERRA          ES0000000000000000                                        000                            
0210001300299P 0200274 000030248363  2338547381          11222000284823001   1003202300000000000525300000 02N24022023110032023000000000000014000000000000000000000000000000000000000000000000000000000109554300900163472023 3002000090000000000 
0210001300300Q 021000014294249668ALCEDINA GONCALVES RUY MARTINS          RUA DR JAIR DE ANDRADE 750, AP 103      ITAPUA         29101700VILA VELHA     ES0000000000000000                                        000                            
0210001300301P 0200274 000030248363  2235990002          11222000259460001   1512202200000000000549500000 02N05122022115122022000000000000015000000000000000000000000000000000000000000000000000000000106598800901035202022 3002000090000000000 
0210001300302Q 021000008625264778EMERSON CHIEPPE                         AV DES MARIO S NUNES 717, T2/304        JD LIMOEIRO    29164044SERRA          ES0000000000000000                                        000                            
0210001300303P 0200274 000030248363  2236165757          11222000261225001   2012202200000000000879700000 02N07122022120122022000000000000023000000000000000000000000000000000000000000000000000000000100830400901052722022 3002000090000000000 
0210001300304Q 021000001731383738SILVANA CHEIM MOULIN AUAD               RUA INACIO HIGINO 551, AP 602           PRAIA DA COSTA 29101430VILA VELHA     ES0000000000000000                                        000                            
0210001300305P 0200274 000030248363  2339222109          11222000291427001   2603202300000311801184900000 02N16032023126032023000000008314699000000000000000000000000000000000000000000000000000000000003262300900229172023 3002000090000000000 
0210001300306Q 022033592510022042VALE S.A.                               AV DANTE MICHELINI - PONTA DE 5500      PARQUE INDUSTRI29090900VITORIA        ES0000000000000000                                        000                            
0210001300307P 0200274 000030248363  2339222290          11222000291428001   2603202300000005605059400000 02N16032023126032023000000000149468000000000000000000000000000000000000000000000000000000000003262300900229182023 3002000090000000000 
0210001300308Q 022033592510022042VALE S.A.                               AV DANTE MICHELINI - PONTA DE 5500      PARQUE INDUSTRI29090900VITORIA        ES0000000000000000                                        000                            
0210001300309P 0200274 000030248363  2236216688          11222000261759001   2512202200000000000549500000 02N08122022125122022000000000000015000000000000000000000000000000000000000000000000000000000013602200901057982022 3002000090000000000 
0210001300310Q 021000073472646772SEBASTIANA DE ALMEIDA SANTOS            R.AMELIA TARTUSSE NASSE 167, AP 302     JD.DA PENHA-ED.29060110VITORIA        ES0000000000000000                                        000                            
0210001300311P 0200274 000030248363  2236209630          11222000261667001   2012202200000000001259400000 02N07122022120122022000000000000034000000000000000000000000000000000000000000000000000000000117928700901057142022 3002000090000000000 
0210001300312Q 021000000516363794FABIO CORREA PRIMO                      AVENIDA ESTUDANTE JOSE JU 2150, 603     PRAIA DE ITAPAR29102010VILA VELHA     ES0000000000000000                                        000                            
0210001300313P 0200274 000030248363  2236251408          11222000262090001   2512202200000000000524800000 02N08122022125122022000000000000014000000000000000000000000000000000000000000000000000000000117735800901061272022 3002000090000000000 
0210001300314Q 021000006828587650DANILO TOMICH TARONI DE ALMEIDA MED     RUA MARATAIZES, 250, BL 3 250, 905      PLANALTO DE CAR29162738SERRA          ES0000000000000000                                        000                            
0210001300315P 0200274 000030248363  2236797044          11222000267553001   1001202300000000000539700000 02N21122022110012023000000000000014000000000000000000000000000000000000000000000000000000000117499500901114872022 3002000090000000000 
0210001300316Q 021000012287065733EDUARDO OLIVEIRA DELUNARDO PIRAJA       AVENIDA DES. MARIO DA SILV 717, 601     JARDIM LIMOEIRO29164044SERRA          ES0000000000000000                                        000                            
0210001300317P 0200274 000030248363  2337981100          11222000279308001   1502202300000000000840100000 02N02022023115022023000000000000022000000000000000000000000000000000000000000000000000000000115165300900107772023 3002000090000000000 
0210001300318Q 021000007349867697JACKSON OLIVEIRA DA CRUZ JUNIOR         R GOIANIA 234, AP 1206                  ITAPUA         29101780VILA VELHA     ES0000000000000000                                        000                            
02100015         00032000000000000000000000000000000000000000000000000000000000000000000000000000000000000000000000                                                                                                                             
02199999         000001000322000000                                                                                                                                                                                                             
